3848 5850
382 575 457 645 154
963 591 1145 646 cossssu:

464 765 524 826 Hic
546 766 625 826 alter
647 775 748 826 textus
770 766 849 826 tituli
865 761 1032 828 Dianensis
1055 763 1101 844 (t)
1123 785 1191 826 cum
1214 767 1305 828 mum
1327 767 1544 828 vocabulorum
1567 767 1733 846 scriptione

382 859 503 963 differat
523 870 563 928 ab
584 869 640 928 illo
661 869 763 947 priore
785 867 844 946 (a),
871 869 972 929 iacere
994 889 1056 928 nou
1078 887 1215 948 possum,
1235 869 1311 947 quin
1336 879 1495 948 utrumque
1517 871 1583 930 eius
1603 889 1734 950 apogra-

378 971 474 1048 phum
494 971 545 1030 hic
566 973 599 1030 in
621 982 788 1049 conspectu
810 991 934 1050 ponem:

554 1199 584 1240 c.
636 1195 776 1242 auncurt
820 1197 958 1266 namur!
1098 1181 1125 1240 t.
1170 1196 1329 1242 ΑΛΑηοΝιε
1356 1211 1364 1227 ·
1391 1198 1515 1242 nestun

633 1297 705 1342 ouis
727 1284 792 1344 uini
815 1299 861 1342 arr
888 1299 949 1343 suo
1172 1295 1512 1348 onret·ntn3au·suo

634 1400 797 1446 annunt
840 1401 946 1445 rsus
1172 1401 1514 1446 causta-taus

462 1590 532 1650 Hoc
568 1591 698 1650 alterum
735 1592 946 1672 apographum
987 1591 1221 1668 imprimendum
1256 1592 1383 1651 curavit.
1426 1591 1472 1654 St.
1510 1593 1731 1669 Macchiarclli‚

376 1694 479 1752 Dtcno
514 1713 529 1753 a
565 1693 730 1754 tomeritate
765 1713 821 1754 sau
857 1694 944 1756 cutte.
983 1693 1061 1772 Nop.
1100 1691 1194 1764 1868,
1220 1711 1251 1770 p.
1282 1693 1348 1754 271.
1399 1689 1537 1773 Apparet
1572 1697 1666 1774 igitur
1700 1699 1731 1760 iu

377 1798 553 1874 apographo
588 1817 608 1854 u
643 1798 789 1875 scriptum
827 1813 908 1858 esse:
951 1803 1087 1863 λαπονισ,
1125 1797 1156 1854 iu
1193 1795 1225 1855 lt:
1263 1803 1414 1866 αλαπονις,
1450 1797 1480 1858 in
1518 1817 1554 1858 n:
1591 1821 1666 1868 onec,
1698 1799 1731 1860 in

376 1899 408 1958 b:
438 1920 528 1967 οπως,
552 1897 585 1958 in
613 1917 648 1958 a:
682 1894 812 1979 euicfc,
836 1895 871 1959 in
896 1901 926 1958 t:
949 1892 1076 1981 rmjc,
1107 1898 1138 1956 in
1175 1917 1195 1955 u
1226 1897 1319 1958 semel
1355 1909 1470 1960 tantum
1504 1899 1729 1978 interpunctnm

377 2021 446 2062 esse
480 2009 553 2080 pust
586 2023 660 2070 rrae,
698 2002 800 2080 ibique
841 2002 930 2078 siguo
971 2019 1078 2076 parum
1114 2009 1215 2073 recto,
1257 1999 1287 2059 in
1325 2001 1342 2060 b
1378 1984 1487 2078 qnater
1522 2013 1632 2080 puncta
1667 2005 1730 2063 auis

376 2103 454 2165 iocis
475 2103 658 2182 interposite
679 2122 747 2164 esse
770 2113 801 2162 et
827 2112 898 2181 post
920 2125 974 2163 ran
998 2103 1057 2164 tria
1077 2113 1189 2180 puncta
1211 2114 1291 2162 recte
1312 2101 1463 2164 restituta.
1508 2104 1614 2182 ltaque
1635 2107 1731 2166 nemi·

376 2226 446 2266 uem
467 2206 573 2284 ingere
595 2214 706 2284 potest,
732 2206 942 2284 apographum
965 2204 1110 2264 Marcelli
1135 2207 1163 2263 in
1187 2205 1244 2264 tine
1267 2204 1580 2268 uoluminis'secundi
1599 2205 1670 2272 libri
1693 2208 1731 2268 tie

375 2307 513 2368 Lucania
533 2309 638 2386 scripti
660 2309 793 2387 positum
809 2309 826 2366 b
841 2309 1013 2370 accuratius
1034 2321 1065 2369 et
1085 2309 1251 2368 correctius
1274 2307 1422 2386 scriptum
1442 2325 1521 2375 esse.
1543 2329 1634 2387 quarn
1656 2311 1731 2372 uite·

375 2431 453 2484 rum,
476 2421 640 2490 postquam
661 2413 837 2474 auctoribus
854 2411 929 2470 viris
945 2407 1062 2471 Graece
1084 2409 1182 2470 doctis
1205 2409 1334 2486 lapidem
1359 2409 1459 2471 dccco
1481 2413 1620 2490 inspexit
1641 2423 1731 2490 atque

375 2515 573 2585 examinarit,
598 2515 755 2574 lectionem
780 2531 851 2573 vero
872 2507 989 2592 catafc
1011 2511 1040 2572 in
1069 2513 1088 2570 b
1109 2529 1165 2586 pro
1185 2507 1305 2592 eutafc
1326 2513 1398 2574 iude
1420 2523 1517 2574 ortam
1540 2531 1620 2588 esse,
1648 2517 1728 2592 quod

375 2617 475 2676 medic
501 2617 583 2677 linea
609 2617 727 2676 litterae
749 2636 770 2674 Α
795 2615 828 2674 ἰιι
854 2633 1005 2676 marmore
1032 2616 1134 2675 deleta
1159 2625 1214 2676 aut
1240 2625 1440 2676 evanescente
1468 2617 1605 2678 restabat
1633 2617 1730 2677 formu

376 2716 514 2779 Graecae
540 2719 661 2780 litterae
681 2739 712 2779 n.
755 2717 833 2777 Inde
860 2717 1012 2795 sequitur,
1041 2723 1074 2779 ut
1100 2723 1202 2778 textus
1224 2717 1432 2796 inscriptionis
1454 2717 1622 2780 Dianensis
1651 2720 1731 2780 bunc

377 2821 409 2880 in
431 2820 553 2881 modurn
576 2821 806 2884 constituendus
828 2821 883 2882 sit:

880 3013 916 3066 A.
938 3012 1065 3070 Aoencvrc
1086 2999 1219 3087 lloexfprn

860 3112 952 3172 Onna·
973 3129 1025 3168 utu
1048 3131 1109 3170 αισ.
1132 3133 1190 3171 cxc.
1209 3141 1245 3154 -

937 3207 1064 3292 ΣαλαῘς
1080 3208 1168 3293 faits.

458 3437 545 3497 llaec
567 3437 659 3517 igitur
682 3439 776 3504 verba
801 3436 1020 3514 interpretandi
1041 3453 1151 3506 munus
1174 3438 1350 3514 priusquam
1365 3437 1483 3510 obeam,
1503 3438 1540 3498 de
1559 3421 1729 3500 litterarum

375 3539 563 3600 Graecarum
586 3561 644 3600 usu
666 3549 698 3599 et
719 3539 832 3612 forins,
863 3540 974 3616 quibus
1002 3539 1106 3616 scripti
1130 3549 1215 3612 sunt,
1246 3539 1344 3599 habeo
1366 3541 1449 3616 quod
1469 3541 1728 3617 praemonendum

372 3643 520 3703 videatur.
564 3645 725 3722 Appareut
745 3643 839 3720 igitur
861 3642 892 3700 in
914 3643 974 3700 hoc
995 3641 1085 3702 titulo
1108 3658 1176 3702 cum
1198 3642 1334 3702 brevium
1356 3642 1534 3702 vocaliumc
1558 3653 1590 3703 et
1610 3667 1625 3700 ο
1648 3643 1729 3704 lisce-

371 3764 434 3820 rae,
456 3754 520 3806 tum
542 3744 703 3826 longarum
726 3769 742 3815 η
764 3755 796 3804 et
818 3767 850 3818 a,
872 3753 905 3804 at
926 3745 1100 3822 promiscuo
1124 3762 1180 3804 ueu
1201 3745 1365 3815 adhibitae,
1387 3755 1447 3810 uti
1466 3757 1525 3805 eto
1548 3747 1639 3805 etiam
1662 3747 1729 3806 lon·

371 3867 478 3930 garum
502 3848 654 3908 vocalium
675 3847 745 3908 loco
774 3847 893 3926 positae
921 3847 984 3906 sirit
1009 3847 1041 3906 in
1059 3842 1138 3928 fato
1165 3865 1221 3924 pru
1243 3849 1322 3918 unta,
1350 3869 1399 3906 aar
1426 3867 1481 3924 pro
1503 3847 1574 3920 eka,
1602 3855 1729 3911 Acronus

370 3969 427 4028 pro
442 3949 618 4027 Lamponia,
642 3959 749 4010 corrtra
763 3973 778 4018 η
794 3959 825 4008 ot.
844 3974 864 4008 ω
887 3950 978 4010 etiam
1002 3950 1110 4010 breves
1133 3949 1254 4011 vocales
1276 3949 1449 4028 significent
1470 3949 1502 4012 in
1517 3945 1649 4030 itoufpc
1670 3969 1727 4027 pro

371 4051 498 4112 Pniceis
521 4062 552 4112 et
572 4075 627 4112 πιω
649 4071 706 4130 pro
728 4050 849 4138 pium),
870 4052 904 4112 iri
925 4051 1006 4130 quod
1029 4071 1066 4112 cx
1090 4054 1338 4130 interpretatione
1360 4069 1437 4131 quae
1461 4053 1599 4129 sequitur
1614 4053 1728 4113 clarius

371 4154 524 4216 elucebit.¹
553 4151 633 4214 Cum
659 4157 691 4216 in
718 4155 789 4215 aliis
815 4155 1021 4216 monumentis
1044 4151 1137 4215 Oscis
1159 4153 1279 4239 tiracce
1302 4157 1426 4234 scriptis
1453 4164 1516 4214 tum
1539 4155 1673 4216 maxime
1696 4154 1727 4214 iu

370 4259 458 4317 titulo
473 4258 608 4317 Amano
622 4255 816 4318 Lucanorum
838 4265 869 4319 et
883 4256 1070 4318 Messineusi
1091 4255 1341 4318 Mamertinorum
1363 4256 1481 4317 litteras
1504 4281 1519 4328 η
1542 4266 1574 4317 et
1595 4280 1616 4316 u
1640 4257 1727 4318 iuxta

370 4381 384 4416 r
406 4367 437 4420 et
459 4383 472 4416 ο
495 4360 604 4420 breves
626 4360 750 4420 vocales
773 4359 956 4437 significare,
977 4361 1010 4418 in
1032 4361 1285 4419 commentatione
1308 4361 1345 4418 de
1366 4359 1617 4438 inscriptionibus
1634 4358 1727 4420 Oscis

369 4461 481 4522 litteris
505 4459 636 4522 Graecis
662 4463 818 4540 conceptis
845 4461 1052 4522 demonstravi
1081 4459 1137 4536 (Z.
1153 4464 1183 4538 s.
1205 4461 1296 4540 carpi·
1319 4459 1391 4538 Spr.
1413 4459 1548 4532 XVIII,
1571 4461 1632 4522 190
1652 4463 1722 4540 sp).

368 4563 477 4642 Itaque
499 4565 538 4622 ad
559 4565 684 4624 illorum
706 4559 863 4624 titulorum
889 4563 1118 4624 similitudinem
1139 4565 1278 4642 proxime
1300 4563 1416 4622 accedit
1437 4563 1607 4624 litterarum
1631 4561 1727 4626 Grae-

371 4685 475 4726 carum
497 4685 574 4726 usus
597 4667 629 4726 in
651 4685 802 4726 marmore
825 4665 974 4726 Dianensi
996 4663 1192 4726 Lucanorum
1214 4665 1407 4742 conspicuus.

452 4768 520 4828 Iam
547 4777 581 4828 ut
608 4769 648 4828 sti
673 4768 773 4846 ipsam
795 4769 886 4829 huius
910 4769 991 4830 tituli
1012 4765 1293 4844 interpretationem
1315 4768 1490 4847 aggrediar,
1517 4773 1643 4830 nanuum
1664 4765 1724 4826 Th.

368 4871 541 4932 Mommsen
566 4870 644 4930 vidit
670 4870 750 4931 idem
772 4890 881 4932 nomen
904 4871 1016 4950 gentile
1038 4888 1108 4930 esse
1133 4889 1169 4930 uc
1191 4869 1235 4929 Μ.
1258 4869 1407 4948 Leupuni
1427 4869 1545 4932 Lucani
1565 4867 1725 4934 fortissimi

368 4971 451 5036 iilius
473 4973 626 5034 sociorum
648 4975 680 5034 iu
702 4973 785 5034 bellu
800 4973 934 5035 Marsico
954 4973 1050 5046 ducis,
1074 4973 1126 5049 qui
1148 4990 1240 5052 aegre
1262 4973 1383 5034 tandem
1406 4983 1477 5034 aute
1497 4983 1603 5053 portas
1626 4971 1724 5049 ipsius

368 5075 452 5135 urbis
474 5093 543 5136 cum
564 5076 668 5136 Pontio
694 5076 822 5137 Telesino
845 5075 942 5136 rictus
964 5084 1012 5136 cet
1033 5091 1053 5134 a
1072 5073 1110 5134 L.
1134 5071 1233 5136 Sulis.
1266 5070 1388 5138 Etenim
1410 5075 1551 5154 quamvis
1575 5073 1725 5134 uocabula

368 5175 453 5238 Osca
466 5175 672 5257 Pimpnz’r’nnr,
696 5180 920 5256 conpreiuctud,
943 5185 1066 5255 nuperi,
1089 5177 1237 5255 omprnfid
1256 5186 1477 5239 consonantem
1489 5197 1518 5237 nr
1539 5187 1725 5256 sequentep

366 5281 516 5360 integram
537 5280 729 5342 servaverint
750 5280 970 5359 (Bruppcclteu
990 5277 1092 5340 Laeti.
1108 5279 1138 5338 rt.
1159 5277 1230 5342 oct.
1245 5279 1316 5358 Spr.
1335 5301 1368 5359 p.
1384 5283 1422 5342 71
1436 5281 1507 5359 tp),
1530 5289 1631 5342 tamon
1654 5297 1722 5342 ccu-
