3794 5850
609 583 767 660 Qvnusn.
789 583 1051 638 1111111111.
1450 569 1498 642 33

491 757 640 834 guendsm
667 758 839 837 opinionem
861 759 994 838 aliquam
1021 759 1059 822 ab
1081 758 1118 820 0.
1142 759 1264 822 Hanbic
1286 781 1381 840 nuper
1400 762 1500 841 prola-

492 869 553 920 tam
574 860 605 920 in
627 859 841 924 dissertatione
862 861 901 922 de
922 862 1105 938 numinibus
1127 853 1354 942 epicia'saeculi
1367 863 1501 944 Augusti

490 960 670 1038 (Vratialav.
688 963 784 1040 1810)
798 983 829 1040 p.
844 963 893 1038 14,
911 965 1027 1024 scilieet
1042 982 1148 1025 versus
1163 965 1269 1026 Albini
1283 974 1391 1044 poetae
1406 967 1499 1044 ignoti

490 1083 529 1124 ex
556 1084 657 1126 rerum
684 1065 888 1126 Romanarum
917 1067 1031 1144 primo,
1061 1085 1138 1146 qnos
1164 1065 1341 1127 Priscianus
1369 1069 1502 1128 servavit

491 1166 535 1242 (7,
559 1168 595 1239 5,
618 1165 657 1226 22
685 1167 967 1248 11011011),
996 1168 1189 1230 Albinovano
1218 1169 1393 1232 tribuendos
1421 1189 1500 1232 esse.

491 1267 610 1328 11111111
633 1269 765 1331 Ovidius
790 1271 875 1332 solus
901 1271 932 1330 iu
959 1271 1090 1332 carmine
1117 1279 1235 1350 poetam
1259 1273 1325 1332 solo
1347 1273 1501 1351 gentilicio

491 1371 637 1449 appellat3
659 1382 817 1450 praeterea
837 1391 908 1434 uero
930 1373 1043 1453 ubique
1063 1383 1116 1433 aut
1136 1383 1296 1452 utrumque
1311 1377 1435 1452 ponitur
1449 1394 1500 1435 no·

490 1491 575 1547 meu,
601 1473 786 1554 gentilicium
807 1484 837 1536 et
857 1491 1038 1555 cognomen,
1065 1485 1118 1536 cut
1139 1493 1304 1554 cognomen
1328 1477 1440 1550 solum,
1470 1486 1503 1538 ut

491 1593 567 1638 usus
582 1577 728 1655 postulem
745 1577 932 1656 gentilicium
948 1578 1045 1639 solum
1062 1587 1218 1657 praeterea
1231 1597 1380 1656 nusquam
1396 1579 1501 1656 depre-

492 1679 640 1740 henditur.
679 1679 739 1742 Gai
761 1699 953 1758 praenomen,
976 1680 1056 1759 quod
1077 1680 1147 1740 inde
1169 1700 1189 1740 a
1209 1679 1366 1760 Scaligero
1385 1679 1500 1740 Pedoni

492 1783 643 1853 tribuitur,
666 1783 747 1846 omni
770 1783 828 1842 ude
849 1794 940 1846 carol.

407 1883 484 1956 ldire
502 1903 575 1943 sane
594 1884 762 1957 accidisset,
784 1886 810 1944 si
830 1887 949 1962 uirique
964 1890 1071 1962 poetae
1086 1903 1251 1965 cognomen
1266 1883 1379 1964 duplex
1394 1885 1502 1946 luisset

407 1984 458 2061 (id
484 1987 565 2064 quod
595 2005 768 2065 quanquam
793 1987 944 2065 interdurn
971 1988 1030 2046 iarn
1057 1991 1208 2065 reperitur
1234 2007 1271 2050 eo
1295 1995 1445 2066 tompore,
1472 2008 1500 2048 v.

408 2088 626 2150 Mommssnum
642 2087 807 2150 Hernset
830 2109 859 2167 p.
879 2090 980 2162 locs,
1004 2096 1102 2151 lamen
1124 2091 1313 2152 rarissimum
1336 2091 1407 2167 est),
1430 2108 1501 2168 gen·

408 2190 460 2248 tile
482 2195 580 2250 summ
603 2193 758 2268 utriusque
780 2193 959 2252 obrueretur
980 2191 1140 2252 oblivione.
1180 2191 1296 2253 Contra
1317 2193 1416 2265 ambo,
1438 2203 1499 2252 tam

408 2289 520 2352 Celsus
535 2313 624 2371 quam
636 2293 729 2364 Pedo,
737 2293 951 2356 Albinovsuae
966 2295 1046 2372 genti
1059 2295 1180 2354 omniuo
1193 2294 1394 2354 adscribendi.
1417 2293 1448 2354 N
1452 2313 1500 2353 um

409 2395 517 2454 iratres
539 2395 652 2456 inerint
672 2415 711 2456 an
732 2403 871 2475 pateret
892 2396 973 2456 nlius
996 2397 1154 2457 diiudicari
1177 2397 1296 2474 nequit3
1318 2397 1371 2456 sed
1387 2407 1500 2456 utram·

407 2515 467 2574 que
495 2497 558 2556 lieri
585 2498 693 2576 potuit.
735 2496 897 2558 Parentela
923 2498 1026 2574 aliqua
1047 2515 1099 2558 eos
1122 2500 1215 2558 fuisse
1237 2498 1412 2560 coniunctos
1434 2518 1500 2576 per·

407 2616 496 2675 quam
521 2599 678 2675 probabile
699 2609 754 2660 est

408 2699 443 2758 P.
464 2701 660 2762 Albinovanus
683 2703 757 2762 nibil
779 2702 909 2782 amplius
931 2703 1075 2780 scriptum
1098 2703 1205 2764 litteris
1228 2705 1315 2763 bonis
1338 2703 1448 2780 legitur
1468 2703 1500 2762 11

494 2803 581 2862 titulo
604 2805 700 2864 musci
715 2803 854 2866 Vaticani
877 2803 975 2883 (Gall,
998 2805 1058 2882 lap.
1081 2805 1185 2865 interl.
1207 2805 1248 2880 1),
1271 2821 1359 2884 quem
1382 2803 1501 2864 Hense·

493 2923 550 2965 nus
573 2901 656 2966 vidit
688 2906 734 2966 In·
747 2907 843 2966 titulis
863 2907 932 2967 aliis
947 2907 1130 2967 Albinovani
1146 2926 1255 2968 nomen
1270 2907 1402 2967 nondum
1420 2926 1500 2968 com·
1524 2911 1527 2918 '

493 3009 604 3086 paruit,
626 3015 769 3086 quantum
792 3008 866 3069 seio.

410 3108 523 3183 Locus,
543 3111 640 3188 siquis
661 3111 719 3170 init
740 3112 872 3184 omniuo,
895 3111 974 3172 unde
995 3129 1103 3172 nomen
1122 3112 1269 3191 originem
1284 3111 1380 3182 duxit,
1401 3119 1502 3188 potest

410 3211 505 3272 luisse
526 3223 579 3273 aut
601 3213 781 3274 Albanove
802 3222 854 3273 aut
874 3213 996 3273 Albium
1021 3233 1130 3273 novum
1153 3213 1217 3274 sive
1240 3213 1431 3274 Albinovium
1456 3212 1503 3289 (ut

410 3315 638 3392 Albingaunum
664 3325 695 3376 et
720 3315 995 3393 Albintemelium);
1023 3317 1062 3374 cb
1091 3323 1217 3392 utroque
1244 3321 1325 3376 recte
1351 3315 1503 3374 derivatur

408 3417 628 3492 Albinovanus,
649 3427 684 3478 11
704 3437 724 3478 a
744 3419 810 3476 vico
825 3416 929 3478 Tusco
943 3417 1163 3478 Tusciuicanus
1186 3434 1360 3496 cognomen,
1382 3415 1420 3474 de
1442 3433 1501 3492 quo

410 3518 527 3578 dicetur
546 3520 636 3580 infra.

158 3619 329 3678 Ammuvs
409 3619 448 3680 b.
468 3621 601 3682 Anuidni
614 3621 735 3699 Spercti
755 3620 920 3701 Luguduni
942 3621 1085 3682 Boissieu
1105 3623 1291 3698 inscriptions
1312 3621 1444 3696 antiques
1467 3619 1503 3677 dc

495 3722 581 3800 Lyco
603 3743 633 3802 p.
649 3721 721 3796 028,
739 3721 808 3783 124.

159 3824 384 3884 Arscscusuvs
412 3825 446 3885 Ο.
467 3824 659 3902 Apecillouua
685 3824 718 3886 0.
741 3826 761 3885 ἱ.
783 3825 848 3886 Ero

412 3926 444 3986 C.
467 3927 658 4006 Apseildonuc
684 3929 714 3988 G.
739 3928 759 3986 l.
782 3927 866 4008 Rufio

412 4029 443 4089 C.
467 4029 658 4109 Apscillanac
683 4031 713 4091 0.
737 4029 756 4088 l.
781 4029 891 4091 secan

409 4131 587 4209 Apsciilnnc
612 4130 645 4191 G.
669 4132 689 4190 1.
713 4130 847 4192 Secunde
869 4132 971 4192 Allius
993 4131 1024 4190 11
1047 4129 1172 4192 Samnio
1195 4131 1222 4190 l.
1236 4129 1274 4190 N.
1292 4129 1383 4193 4789.

451 4233 556 4293 Trium
578 4231 755 4294 libertorum
776 4235 899 4294 nomina
920 4233 951 4294 in
973 4233 1032 4293 hoc
1051 4231 1139 4294 titulo
1162 4234 1300 4310 genetivo
1321 4249 1393 4291 casu
1416 4231 1502 4290 exhi·

410 4335 525 4409 beator,
551 4337 604 4414 qui
631 4345 732 4416 potest
758 4337 852 4400 etiam
875 4336 991 4398 formae
1017 4335 1048 4394 in
1070 4339 1155 4394 onius
1177 4351 1261 4407 esse3
1296 4333 1348 4391 ced
1376 4333 1500 4393 libertae

408 4455 517 4497 nomen
539 4445 687 4516 oportune
709 4438 844 4499 additum
865 4457 928 4498 rem
951 4437 1079 4498 coniicit.

409 4537 482 4598 Loci
505 4559 615 4600 nomeu
631 4541 772 4620 Apscilla
793 4537 842 4602 vel
864 4541 964 4602 simile
985 4549 1088 4600 notum
1109 4555 1170 4600 nou
1192 4547 1253 4610 est3
1276 4536 1328 4597 sed
1343 4535 1392 4614 Ap
1412 4536 1501 4596 radix

409 4641 440 4701 11
464 4641 630 4722 Appiorum
656 4641 777 4704 nomine
800 4641 913 4704 Sabino
935 4653 1024 4721 atque
1046 4643 1077 4700 in
1099 4639 1241 4700 derivatis
1264 4638 1355 4699 veluti
1379 4639 1501 4718 Apicius
1534 4691 1536 4696 .

409 4743 541 4822 Aponius
562 4747 717 4824 Apstidiuc
739 4743 847 4822 (Soros
869 4743 894 4804 I.
915 4743 955 4804 N.
972 4743 1054 4804 3513
1076 4749 1154 4803 teste
1177 4739 1295 4814 Gudio)
1317 4747 1390 4800 nota
1410 4741 1500 4800 etiam

409 4847 440 4904 in
456 4847 589 4906 locomm
609 4847 780 4920 nominibus
798 4849 921 4908 vetustis
937 4847 1038 4924 Apina
1051 4841 1192 4906 Daunius
1211 4843 1346 4920 (Plinius
1361 4843 1380 4902 3
1396 4841 1413 4920 ᾖ
1428 4842 1501 4918 101)

411 4947 527 5025 Apiolis
549 4950 587 5008 ab
610 4950 696 5011 Anco
717 4951 777 5012 iam
798 4951 914 5010 eversis
937 4941 1057 5025 (Livius
1074 4948 1101 5021 1,
1116 4945 1156 5007 33
1178 4963 1218 5006 ex
1233 4944 1358 5007 Valerio
1377 4943 1501 5004 Antiate

409 5051 571 5112 secundum
588 5051 720 5112 Plinium
738 5052 755 5111 3
778 5051 796 5129 ξ
812 5051 867 5130 70)
889 5051 1019 5129 Apicilia
1040 5049 1115 5126 (sits
1135 5041 1192 5108 illa
1209 5048 1288 5108 inter
1302 5045 1501 5108 Concordiam

409 5163 440 5213 et
454 5153 641 5231 Aquileiam
663 5155 760 5214 itiner.
780 5152 983 5230 Hierosolym.
1007 5171 1037 5230 p.
1053 5150 1113 5234 3113
1126 5141 1243 5226 Wess.)
1261 5145 1500 5229 deprehenditur.

409 5257 458 5315 Ad
479 5257 689 5334 Apscillcnum
711 5255 872 5333 Apstidius
894 5255 1035 5333 proxime.
1055 5251 1179 5316 accedit

1255 5353 1274 5414 ³
