3794 5850
623 583 781 656 ermen.
800 593 1021 648 esousuou.
1041 595 1066 647 1.
1256 630 1257 634 ι
1463 577 1511 650 29

174 766 290 826 nullum
312 783 443 842 unquam
466 765 637 844 exemplum
659 767 793 845 repperi3
816 765 981 827 Turannius
1004 772 1048 826 ter
1069 767 1213 843 scriptum
1236 775 1284 826 cst
1305 768 1335 826 in
1358 769 1445 828 titulo
1468 789 1515 827 nr-

174 868 253 927 bnno
276 867 355 944 apud
371 867 558 928 Febrettinm
580 888 609 947 p.
626 867 698 948 386,
713 865 774 926 stt
795 869 927 945 itemque
948 869 980 926 in
1001 868 1089 928 titulo
1111 868 1293 932 christianae
1309 869 1416 929 netetis
1432 871 1513 949 opud

174 970 302 1030 eandem
322 989 354 1048 p.
370 969 442 1042 386,
457 967 528 1042 324,
553 969 703 1029 turannio
722 969 771 1029 bis
792 970 873 1048 npntl
893 965 1092 1030 Meritorium
1115 989 1143 1046 p.
1162 969 1286 1040 1282AE
1310 973 1341 1030 in
1363 969 1451 1032 titulo
1474 989 1511 1030 ex

174 1070 294 1130 scbstlis
310 1073 452 1132 Aconmii
473 1073 644 1149 desumpto,
664 1089 753 1148 quae,
765 1073 862 1132 bones
883 1070 951 1132 fidei
975 1080 1055 1132 snut.
1092 1069 1151 1132 Sed
1174 1074 1329 1148 potentin
1350 1073 1399 1132 his
1412 1093 1513 1134 exem·

173 1173 234 1252 piis
257 1183 311 1235 net
330 1182 462 1234 emtum
483 1189 553 1234 esse
574 1192 593 1233 s
612 1172 752 1252 lapicidis
773 1171 1047 1253 descriptoribnsve
1068 1183 1121 1232 snt
1138 1174 1306 1234 tenentum
1322 1191 1390 1236 esse
1405 1195 1513 1236 nomen

174 1293 243 1334 cnm
268 1293 364 1354 pravo
379 1275 544 1336 doctrines
570 1270 673 1336 stadie
698 1294 718 1336 s
743 1265 876 1358 ripam
897 1272 1015 1336 Graeco
1040 1273 1201 1336 vocabulo.
1245 1273 1396 1354 Compare
1415 1275 1513 1338 Verrii

174 1374 278 1436 Flscei
306 1377 537 1455 explicationem
564 1395 584 1436 s
603 1375 698 1438 Festo
722 1397 753 1456 p.
769 1373 841 1450 355,
859 1375 896 1436 tt
924 1387 1090 1438 servstnm:
1121 1376 1272 1436 Tarannon
1294 1378 1432 1438 Etruscos
1459 1397 1511 1456 ap·

169 1478 280 1554 petias·
300 1479 400 1539 soiitos
421 1483 463 1539 nit
475 1474 601 1552 'Venenum
612 1497 641 1538 vo
657 1477 804 1540 lbrrleno
825 1477 896 1539 duee
914 1477 1076 1564 Lydorum
1098 1499 1118 1538 a
1139 1481 1220 1538 enias
1241 1485 1334 1556 genos
1351 1483 1513 1558 praecipua

173 1581 343 1642 moditate
364 1585 449 1640 marn
470 1569 608 1660 terminos
629 1580 770 1658 metuat).
1502 1569 1503 1574 ¹

225 1741 227 1744 .
255 1681 424 1742 Adiectivis
450 1683 630 1744 formatione
656 1681 793 1760 nequitiis
819 1691 867 1744 est
891 1682 1038 1744 similisve
1060 1701 1170 1759 magns
1191 1683 1401 1762 cognominum
1424 1701 1511 1762 parm

172 1799 269 1862 neque
293 1785 404 1844 desunt
429 1786 610 1862 cognomine
635 1785 665 1842 in
688 1801 762 1842 anus
783 1783 923 1844 tormen.
964 1784 1072 1861 Itaque
1098 1785 1136 1844 de
1156 1785 1326 1846 nominibus
1349 1786 1511 1865 gentilitiis

170 1885 202 1945 in
222 1904 297 1946 osu
323 1887 499 1964 quaesituro
525 1896 586 1946 tsm
614 1885 793 1963 cognomina
817 1885 848 1944 in
870 1904 944 1944 anas
972 1904 1061 1963 qusm
1084 1887 1236 1966 gentilicis
1256 1888 1288 1946 in
1310 1891 1395 1948 anius
1416 1888 1510 1964 respi-

172 1987 278 2048 cientis
303 1997 387 2049 snut·
427 1987 497 2050 Non
524 1989 591 2048 ilico
616 1989 649 2048 in
670 1991 755 2046 onitas
777 1986 931 2066 gentilicio
952 1987 1089 2048 uenuste
1109 2005 1177 2049 esse
1200 1989 1303 2048 omnic
1324 2007 1362 2048 ex
1385 1989 1510 2050 nomini·

171 2091 227 2149 bns
253 2099 306 2150 snt
331 2091 560 2168 cognominibus
586 2091 619 2150 in
645 2108 733 2161 anas3
762 2086 815 2148 sed
843 2089 967 2148 redeunt
992 2090 1023 2150 in
1050 2108 1111 2150 uno
1139 2107 1258 2168 quoqne
1280 2090 1370 2150 trium
1391 2091 1511 2151 illorum

172 2209 312 2268 generum
338 2192 457 2252 radices
483 2193 605 2251 eaedem
632 2191 795 2268 similesne.
840 2187 917 2250 ceu
938 2209 1012 2250 vero
1036 2210 1090 2268 por
1112 2209 1145 2250 se
1167 2191 1321 2268 probabile
1342 2191 1434 2252 sitin
1456 2213 1509 2252 no·

172 2293 303 2353 minibus
330 2294 469 2354 similiter
495 2303 585 2372 etque
603 2274 646 2353 'in
674 2291 866 2372 eppelletivis
894 2311 934 2350 an
962 2293 1107 2352 suffixam
1136 2293 1281 2370 originem
1308 2293 1447 2367 localem,
1477 2305 1510 2354 ut

171 2395 302 2456 breviter
323 2395 432 2468 dicam,
451 2395 613 2466 indicasse,
636 2413 674 2456 en
694 2403 810 2454 tantum
833 2411 872 2453 ex
894 2394 1123 2470 cognominibus
1144 2395 1175 2454 in
1195 2412 1271 2465 ones
1292 2395 1510 2474 gentiliciisque

170 2497 201 2554 in
220 2501 306 2556 anius
333 2497 383 2557 bic
403 2496 616 2570 considerabo,
644 2515 721 2574 quae
742 2504 823 2556 nerto
845 2495 1081 2574 probabiliterve
1103 2495 1141 2554 ed
1164 2495 1228 2555 eine
1251 2497 1370 2572 generis
1392 2497 1510 2558 radices

170 2608 298 2674 possunt
317 2597 431 2658 solerii.

251 2700 348 2762 Aliud
368 2699 448 2760 enim
471 2704 628 2779 praetores
649 2708 734 2762 extat
754 2701 963 2779 cognominum
986 2699 1127 2778 frequens
1143 2699 1397 2760 ndiectinerumve
1412 2719 1508 2779 genus

172 2799 254 2876 (nem
281 2811 441 2880 utrumque
468 2800 566 2864 dicem
591 2803 709 2882 possis)
736 2803 768 2862 in
793 2821 867 2862 anns
893 2801 1104 2876 formatorum,
1132 2819 1211 2882 quse
1237 2802 1383 2880 originem
1404 2821 1464 2862 non
1492 2821 1510 2861 a

170 2900 257 2974 lonis,
285 2904 340 2964 sed
366 2904 405 2964 eb
430 2905 600 2965 bominibus
626 2914 793 2964 tinxerunt.
837 2901 898 2978 Qui
924 2921 963 2963 ex
989 2922 1045 2964 sna
1070 2913 1157 2980 gente
1185 2922 1238 2980 per
1264 2905 1456 2982 adoptionem
1479 2906 1509 2966 in

170 3003 259 3064 nlism
281 3006 473 3078 transierunt,
495 3024 549 3066 eos
568 3006 678 3085 prioris
699 3005 798 3086 gentis
821 3005 1034 3066 indicetionem
1057 3007 1226 3066 secrevisse
1247 3016 1351 3066 notum
1373 3014 1421 3066 est
1439 3025 1509 3084 cog·

170 3106 342 3166 nominibus
363 3125 405 3167 ex
424 3107 523 3186 gentis
544 3108 705 3186 primariae
725 3108 846 3168 nominc
867 3127 922 3185 per
942 3124 1015 3166 anas
1030 3105 1172 3166 suffixum
1186 3107 1339 3180 formetis3
1361 3119 1395 3168 ut
1408 3107 1508 3168 Paulli

169 3207 293 3268 Aemilii
320 3209 402 3268 fliius
427 3209 524 3270 dictus
552 3217 599 3270 est
620 3207 723 3286 Scipio
746 3207 943 3268 Aemilianus.
987 3207 1056 3268 Hoc
1077 3219 1177 3269 utrum
1193 3211 1370 3270 'necessario
1392 3226 1510 3288 semper

167 3310 210 3368 its
230 3310 402 3371 institutum
422 3311 515 3372 fuerit
535 3329 629 3372 necne
650 3311 699 3369 bic
720 3329 782 3371 non
804 3319 889 3384 cnro;
917 3315 1029 3370 cenom
1053 3318 1151 3372 nutem
1174 3319 1222 3370 est
1243 3313 1423 3389 cognomino
1442 3311 1508 3370 eius

169 3413 286 3488 generis
308 3413 447 3472 extitisse
470 3432 528 3472 non
550 3431 654 3490 penos,
677 3423 708 3472 et
729 3413 768 3471 eb
789 3413 856 3472 eius
876 3413 990 3472 formae
1007 3411 1237 3486 cognominibus
1252 3413 1341 3472 etium
1355 3413 1509 3492 gentilicis

167 3513 290 3573 formeri
314 3515 451 3593 potuisse
476 3515 506 3574 in
533 3517 628 3575 anius.
669 3514 815 3576 Periliter
837 3515 916 3574 servi
939 3515 1052 3591 publici
1074 3513 1127 3592 (ut
1148 3515 1391 3574 Mommsenne
1415 3533 1507 3590 expo·

169 3616 229 3674 soit
249 3613 320 3674 rim.
337 3616 517 3677 Stootsrscbt
534 3617 547 3676 l
572 3635 602 3694 p.
619 3614 695 3693 252)
718 3617 857 3694 servique
879 3615 1033 3688 nobilium,
1055 3617 1107 3694 qni
1121 3615 1151 3677 iu
1167 3615 1257 3676 eliam
1273 3617 1394 3676 domum
1408 3624 1508 3676 mene

168 3716 266 3776 icrunt
286 3719 451 3778 hereditate
466 3717 514 3778 tel
530 3717 590 3776 elio
604 3719 695 3778 mode
718 3717 766 3796 (nt
786 3730 878 3796 emptu
897 3717 1108 3778 Germaniam
1122 3717 1175 3778 ille
1196 3717 1230 3778 Ο.
1247 3719 1273 3778 Ι.
1289 3716 1324 3777 L.
1340 3717 1383 3790 11,
1400 3715 1507 3793 2641),

168 3819 278 3895 prioris
303 3819 417 3880 domini
443 3839 552 3880 nomen
580 3829 777 3882 semoverunt
802 3819 912 3880 sddltin
938 3820 1095 3880 adiectivis
1120 3819 1154 3879 in
1176 3839 1249 3880 anus
1270 3818 1407 3878 formetis
1433 3818 1508 3896 (qne

169 3919 205 3978 de
227 3941 259 3981 re
273 3921 480 3982 Mommsenns
501 3921 580 3982 dixit
593 3919 759 3983 Hermoni
783 3940 812 4000 p.
830 3919 888 3982 157
896 3921 948 4000 n).
985 3919 1037 3984 Sic
1056 3939 1162 3983 servos
1183 3921 1347 3982 libertosve
1368 3920 1506 3980 novimus

168 4021 312 4098 Auateanes
331 4024 532 4102 Agrippienos
551 4022 710 4084 Galbianos
727 4023 964 4086 Maecenatianos
978 4024 1147 4084 Drusianus
1169 4023 1407 4084 Germanicianos
1424 4021 1507 4082 Dru·

171 4125 301 4186 tillium
326 4125 556 4186 Claudianianos
577 4124 783 4186 Pallantianos
804 4123 1045 4208 Pappoeonosi).
1089 4125 1250 4212 Postremo
1278 4123 1434 4184 sollemnis
1461 4133 1508 4183 est

169 4243 240 4287 enas
262 4229 432 4288 terminetis
453 4228 484 4286 in
505 4241 646 4306 egrotum
668 4245 841 4307 camporum
857 4226 1016 4290 fundorum
1030 4229 1185 4287 hortorum
1201 4225 1394 4304 praediorum
1405 4225 1506 4284 vinea-

169 4347 231 4388 tum
254 4329 392 4390 villarum
413 4329 599 4398 mettensem
617 4329 789 4390 nominibus
811 4348 831 4390 e
851 4327 983 4390 dominis
1003 4329 1161 4398 derivatim
1183 4335 1301 4406 prester
1317 4327 1434 4386 tabulas
1451 4326 1506 4385 nli-

168 4431 340 4505 snentsrins,
361 4421 437 4508 ques
458 4431 612 4505 hebemus,
634 4431 813 4492 Mommscni
833 4431 875 4490 sd
894 4431 1105 4508 inscriptiones
1126 4429 1346 4508 Neapolitanas
1368 4427 1413 4507 (p.
1429 4428 1505 4502 463)

169 4540 207 4598 et¹
222 4531 371 4596 nerem·
393 4529 434 4592 sti
467 4532 607 4613 syllogen
635 4531 819 4603 Orellisnsm
852 4531 899 4610 (p.
921 4530 982 4610 22)
1016 4531 1130 4592 indices
1162 4532 1258 4591 mults
1288 4532 1354 4590 eins
1386 4529 1505 4608 generis

169 4634 309 4714 exempla
327 4635 503 4716 praebent„
537 4617 539 4622 ¹
996 4707 998 4714 Α

249 4727 335 4798 Haec
362 4737 400 4798 de
427 4737 538 4816 quibus
564 4733 671 4797 ultimo
699 4737 767 4797 loeo
795 4736 860 4798 dixi
888 4754 1000 4814 genens
1024 4734 1056 4796 id
1086 4755 1243 4797 commune
1269 4733 1396 4806 hebent,
1425 4733 1504 4812 qnod

170 4855 236 4898 cum
260 4858 280 4898 a
305 4839 478 4902 nomimbns
502 4837 674 4918 gentilitiis
690 4839 722 4898 in
750 4843 795 4899 ias
820 4837 990 4900 terminetis
1016 4838 1152 4898 derivate
1174 4839 1235 4898 sint
1256 4837 1343 4914 longe
1365 4835 1504 4913 plurima,

243 5084 268 5148 ¹)
294 5083 336 5148 ,ΒΟ
349 5087 479 5140 Oscorum
497 5047 660 5140 &muniis
677 5089 706 5138 in
723 5056 962 5139 Mommseni'disl.
978 5067 1015 5139 lt.
1032 5085 1081 5138 ini.
1095 5101 1126 5152 p.
1142 5085 1194 5136 225
1213 5083 1324 5136 tortum
1344 5083 1419 5134 siitsr
1438 5081 1505 5134 indi·

171 5175 289 5230 menn.

246 5261 271 5334 ¹)
297 5271 340 5324 cl.
360 5269 442 5325 Orelli
460 5265 574 5326 mles
592 5271 703 5325 Henseu
722 5271 803 5326 titt.
824 5271 907 5323 nent.
