3848 5850
621 1771 749 1886 Lllll
776 1769 1090 1887 occultius

245 1953 419 2036 IVLIAE
447 1955 736 2034 GENETIVAE
763 1955 1078 2036 VRBANORVM
1105 1951 1218 2031 SIVE
1245 1952 1458 2032 VRSONIS

654 2101 763 2156 naua
782 2103 818 2155 a,
838 2103 873 2154 v.
893 2101 1055 2154 nucum

367 2273 725 2338 ADDITAMENTVM
747 2275 808 2338 AD
831 2273 1046 2338 CORPORIS
1070 2271 1282 2336 VOLVMEN
1305 2273 1348 2332 ll.

180 2687 273 2834 Suu
301 2773 392 2833 linem
413 2793 442 2834 a.
461 2772 542 2833 1870
563 2773 611 2832 vel
642 2774 764 2833 ineunte
786 2793 812 2832 a.
833 2773 910 2832 1871
938 2783 1076 2852 repertae
1102 2781 1175 2832 sunt
1203 2771 1323 2832 tabulas
1346 2790 1453 2830 aereae
1477 2781 1537 2830 tres

180 2893 275 2952 prope
291 2871 454 2948 Uraunem,
475 2892 554 2952 quae
574 2873 666 2934 burlis
682 2873 785 2935 Osuna
807 2887 866 2947 cst,
889 2876 919 2934 in
935 2873 1089 2954 Hispania
1105 2873 1228 2934 Baetica
1242 2873 1282 2950 ¹),
1304 2871 1373 2933 locu
1396 2873 1538 2950 quodum,

179 2995 269 3051 quem
293 2975 466 3036 accuratius
489 2977 516 3036 is
539 2977 591 3054 qui
614 2977 732 3038 invenit
752 2977 888 3038 indicare
912 2977 1019 3036 noluit.
1055 2975 1116 3050 Qui
1138 2977 1268 3055 primum
1291 2975 1451 3054 propagati
1468 2981 1540 3032 sunt

180 3097 234 3154 per
255 3080 370 3138 amicos
386 3077 588 3158 Hispalenaas
612 3079 727 3139 dehoc
749 3079 873 3138 inventu
894 3097 1033 3138 rumores
1050 3079 1119 3158 vagi
1142 3087 1172 3137 nt
1193 3095 1291 3156 paena
1310 3077 1440 3136 fabulosi
1464 3075 1537 3152 (sci-

180 3179 251 3241 licet
276 3181 448 3256 quindecim
473 3181 519 3240 vel
544 3181 621 3240 adso
644 3190 706 3240 tres
729 3190 759 3240 et
781 3181 888 3260 viginti
910 3181 1031 3240 tabulas
1053 3179 1219 3258 inscriptas
1241 3187 1378 3258 repertas
1401 3197 1470 3236 esse
1493 3176 1538 3237 illi

181 3280 408 3358 nuntiaverant)
430 3301 602 3360 quanquam
626 3297 735 3360 postca
755 3282 945 3362 comprobati
968 3302 1028 3342 non
1052 3293 1137 3355 sunt,
1163 3291 1262 3342 tamen
1285 3281 1352 3341 ficri
1375 3299 1482 3356 posse,
1506 3287 1540 3338 ut

179 3391 301 3461 praeter
326 3395 389 3444 tres
416 3384 537 3446 tubulas
565 3395 670 3462 postea
698 3385 835 3464 prolatas
863 3393 917 3444 aut
942 3403 1004 3444 una
1031 3395 1084 3444 aut
1111 3385 1214 3463 platea
1242 3383 1376 3462 amplius
1403 3383 1541 3446 danem

179 3485 255 3558 aiut,
285 3487 337 3551 aad
367 3485 499 3561 celatus,
529 3489 581 3564 qui
610 3487 767 3547 hominum
795 3487 870 3548 lucn‘
900 3487 1166 3564 cupidissimorum
1194 3487 1337 3546 astutiam
1365 3487 1455 3548 nouit,
1477 3503 1537 3543 non

181 3589 319 3666 aasabim
346 3589 455 3648 tertias
481 3609 501 3649 a
528 3606 561 3651 se
586 3591 686 3649 editae
713 3599 829 3668 partem
852 3609 931 3668 quaa
953 3589 1142 3650 desideratur
1163 3600 1194 3648 ct
1215 3579 1312 3666 ipsum
1336 3597 1458 3660 extare,
1484 3586 1537 3646 sud

179 3689 279 3750 adhuc
300 3690 410 3764 celari,
437 3691 526 3750 etiam
551 3690 702 3770 Berlanga
716 3691 882 3768 'probabile
904 3709 972 3750 esse
998 3691 1122 3753 iudicat.
1166 3691 1297 3770 Emptas
1318 3701 1389 3750 sunt
1411 3709 1438 3748 a.
1458 3689 1532 3750 1871

182 3780 304 3852 tabulae
325 3793 398 3851 illae
423 3801 483 3852 tres
505 3813 524 3852 a
545 3788 712 3854 Franciscc
736 3791 1110 3854 Cabaliam-Infante
1132 3813 1153 3872 y
1177 3793 1314 3870 Zuaac,
1343 3795 1402 3854 civi
1425 3793 1539 3873 Hispa·

182 3893 276 3966 lensi,
303 3905 334 3952 et
355 3893 507 3971 Hispalim
537 3897 703 3955 translatae
730 3896 762 3954 in
789 3896 912 3956 domum
940 3897 1053 3972 ipsius,
1082 3896 1134 3955 ubi
1156 3897 1255 3956 adhuc
1277 3907 1445 3959 serrantur.
1491 3897 1538 3956 Ibi

182 4006 343 4072 postquam
372 3997 503 4074 amplius
531 4017 643 4057 annum
670 3997 823 4075 integrum
851 3997 983 4058 ineditae
1007 4009 1231 4072 remanserant,
1261 3999 1338 4060 vidit
1359 4017 1411 4059 eas
1436 4017 1542 4060 mense

183 4095 295 4157 Martio
317 4116 343 4154 a.
366 4097 444 4158 1872
468 4098 645 4158 Emmanuel
662 4097 850 4177 Berlanga
864 4099 1067 4160 Malacitanus
1091 4101 1129 4174 is,
1151 4103 1201 4178 qui
1225 4113 1295 4160 antu
1314 4103 1417 4180 viginti
1441 4119 1544 4162 annua

182 4199 302 4258 tabulas
323 4199 538 4258 Malacitanam
567 4211 595 4259 et
619 4199 841 4280 Salpsnaunam
865 4201 915 4276 (C.
932 4201 957 4261 1.
973 4201 1010 4261 L.
1033 4201 1191 4275 11,1963.
1211 4203 1310 4280 1961)
1336 4203 1453 4280 primus
1477 4202 1540 4262 edi·

182 4301 279 4379 dcrat,
301 4312 333 4362 et
355 4323 370 4360 a
394 4301 517 4362 dominc
539 4315 665 4380 rogatus
688 4323 756 4363 cum
778 4303 912 4363 edendas
936 4323 989 4363 eas
1011 4305 1208 4382 suscepisset,
1232 4317 1338 4364 octavo
1362 4325 1462 4364 mense
1477 4304 1540 4364 erli-

183 4401 294 4464 tlonem
320 4405 455 4464 Malacae
482 4403 616 4464 absolvit
642 4403 719 4464 inter
745 4406 851 4465 turbas
879 4405 999 4477 civiles,
1026 4424 1104 4482 quae
1130 4410 1164 4466 ut
1186 4409 1315 4484 patriam
1340 4409 1538 4484 paratiquod

184 4507 329 4584 temporis
351 4507 481 4582 spanum
508 4507 689 4582 relinqueret
711 4521 741 4566 et
762 4509 793 4582 in
810 4507 945 4566 Africam
966 4509 1110 4587 migraret
1124 4517 1297 4586 coegerunt.
1330 4507 1450 4568 Prodiit
1464 4509 1541 4568 liber

186 4627 285 4669 mense
302 4609 464 4668 Decembri
487 4628 515 4666 a.
531 4607 634 4694 1872,Ι
646 4609 728 4688 typis
749 4631 789 4670 ex
810 4620 897 4688 parte
912 4629 1065 4670 excussus
1079 4609 1345 4680 Berolincnaibua‚
1368 4611 1446 4686 apud
1464 4614 1540 4670 Am·

186 4713 319 4771 bruslum
343 4705 444 4770 Rubiu
466 4719 497 4770 et
517 4711 713 4787 Alphonsum
738 4709 823 4771 Cano
847 4712 999 4786 librarios,
1024 4713 1112 4772 titulo
1134 4715 1193 4774 lruc

341 4811 403 4873 Lea
431 4815 547 4872 trunces
576 4813 612 4872 de
635 4813 737 4873 Oaunu
764 4833 819 4890 qus
842 4817 963 4891 publica
986 4815 1109 4874 Munuel
1129 4817 1292 4892 Roda-lyrae
1319 4819 1353 4874 de
1378 4817 1540 4892 Ber-lanua.

341 4915 481 4975 Malacae
503 4913 814 4977 MDCCCLXXIII.
859 4919 887 4976 8.
913 4918 982 4976 mai.
1006 4917 1072 4996 (pp.
1090 4916 1178 5007 256).

193 5103 391 5119 m

264 5235 288 5300 1)
318 5237 360 5289 CL
381 5237 433 5289 rol.
450 5238 474 5290 ll
495 5253 520 5304 p.
535 5237 598 5290 191.
