3794 5850
597 625 757 688 uveesr.
778 626 999 683 ouosss'ron.
1018 630 1044 682 1.
1442 613 1491 686 35

396 795 430 856 C.
446 797 624 875 Calpetasus
639 799 763 860 Renum
784 800 948 872 Quirinalis
968 801 1101 861 Valerius
1116 801 1221 862 Festus
1244 803 1289 862 vir
1311 804 1411 866 clerus
1424 807 1491 866 aevi

477 898 659 978 Vespasiani
681 921 720 961 ex
736 901 845 962 Tacito
866 903 1031 980 multisque
1055 905 1150 964 titulis
1172 913 1279 978 notue;
1300 925 1378 984 quse
1392 907 1491 972 omnin

476 1001 591 1062 indicat
612 1003 793 1064 Mommseni
814 1004 907 1067 index
929 1002 1089 1066 Plinianus
1112 1028 1141 1086 p.
1158 1007 1230 1067 497.

395 1101 426 1163 0.
446 1103 626 1183 Calpetuoue
642 1105 769 1166 nurus
790 1106 907 1167 Menae
929 1107 955 1168 Ι.
972 1105 1011 1168 N.
1029 1107 1110 1170 6769
1126 1109 1160 1202 ΙΙ
1181 1111 1212 1169 in
1232 1111 1377 1180 laterculo
1400 1112 1493 1173 tribu·

477 1207 549 1266 lium
572 1209 670 1269 tribus
692 1207 867 1272 Sucusenae
889 1229 918 1270 a.
936 1209 985 1269 70.

395 1307 429 1367 0.
447 1308 624 1388 caeptum
639 1310 723 1371 naor
744 1311 774 1372 tn
790 1312 902 1392 tegnlis
924 1331 952 1373 a.
972 1313 1030 1373 14⁷
1054 1297 1491 1391 spndtterintumtrv.1tt.

396 1409 426 1470 G.
443 1410 652 1489 conpensu
666 1411 812 1474 Liuiam
827 1415 858 1474 in
875 1417 1019 1475 mortario
1034 1415 1220 1496 Pompeiano
1236 1417 1261 1478 Ι.
1277 1417 1318 1478 Ν.
1335 1418 1428 1488 otuu,
1444 1419 1492 1479 Ι7.

434 1511 476 1572 iii
500 1523 562 1574 tres
584 1513 691 1576 ultimo
713 1517 781 1576 loco
802 1515 875 1582 dicti
896 1517 936 1577 uel
957 1517 1126 1578 clientelam
1150 1519 1256 1580 domus
1272 1519 1386 1581 Valerii
1408 1519 1492 1582 Festi

392 1625 521 1691 possunt
542 1617 736 1694 pertinuisse.

394 1716 482 1792 Quod
508 1719 541 1778 in
563 1718 723 1799 Oalpetsni
753 1723 875 1782 nomine
896 1722 978 1783 inest
998 1733 1026 1784 et
1045 1723 1191 1785 suffixum
1214 1723 1491 1801 frequentissimum

392 1829 441 1884 est
460 1821 491 1880 in
512 1821 684 1883 nominibus
699 1823 911 1903 geographicis
926 1824 1105 1904 Hispaniae,
1129 1825 1221 1888 veluti
1237 1827 1268 1886 in
1286 1823 1383 1888 Callet
1398 1827 1492 1902 Osset,

390 1922 487 1982 Edeta
513 1924 653 1998 Toletum,
678 1925 818 2003 Heryetes
840 1927 1002 2005 Judipetee,
1029 1928 1395 1991 sutentationem
1419 1931 1493 1992 Cur-

388 2036 513 2103 petasus
544 2021 717 2088 Cerretanus
741 2027 910 2090 Cessetanus
937 2031 1107 2092 luccetunue
1134 2030 1301 2091 mesenus
1327 2030 1492 2094 heloim

392 2127 449 2202 (de
476 2128 587 2203 quibus
614 2129 679 2190 dixi
706 2129 876 2192 Hermuei
902 2153 932 2210 p.
957 2133 1018 2192 377
1026 2131 1085 2210 ss.)
1111 2131 1304 2194 Mauretania
1331 2131 1492 2196 sedem

392 2229 585 2291 Suessetanae
611 2231 822 2328 Turdetaeiuee
836 2234 951 2296 similia
978 2235 1069 2295 etiam
1099 2234 1245 2296 Africana
1274 2233 1391 2298 Gallice
1419 2235 1492 2296 iiie·

392 2350 488 2408 psns,
521 2332 614 2394 veluti
647 2335 812 2413 Aquitanas
844 2336 1010 2400 Gudianus
1042 2337 1272 2399 Gromrritunue
1302 2337 1492 2416 Ipaeditaenue

393 2435 558 2514 Imeitaeus
580 2435 743 2500 Mutunus
769 2447 860 2517 atque
887 2439 1025 2501 derivata
1053 2441 1091 2499 sb
1117 2441 1297 2518 oppidorum
1318 2440 1492 2504 nominibus

393 2538 423 2597 in
445 2541 458 2595 i
479 2537 525 2598 vel
548 2543 575 2598 is
597 2541 805 2603 desinentibus
827 2541 988 2602 Acoitcnus
1003 2541 1197 2602 Aruccitonee
1211 2541 1404 2603 Bilbilitasus
1420 2541 1492 2604 Sue-

393 2638 539 2700 tulitueue
564 2639 724 2703 Subitunue
746 2643 898 2720 (sortasse
927 2665 946 2704 a
968 2643 1043 2706 Subi
1066 2645 1205 2718 flumine,
1234 2645 1272 2705 ci.
1296 2641 1332 2706 0.
1351 2643 1377 2704 Ι.
1398 2643 1435 2704 L.
1458 2645 1492 2705 11

393 2739 490 2819 seui)
515 2742 711 2804 suessano·
730 2743 902 2808 tmuium
923 2747 992 2806 ete.
1036 2746 1074 2805 m
1096 2733 1243 2825 Bithynis
1263 2747 1372 2808 sumen
1394 2755 1441 2808 est
1462 2755 1493 2807 e

394 2853 501 2920 portus
516 2837 643 2910 Κάλως
655 2847 721 2907 eive
738 2835 859 2920 batem
874 2848 975 2908 dictus
994 2849 1183 2925 (testimonis
1201 2849 1269 2909 uida
1288 2849 1320 2910 ln
1334 2847 1493 2910 Benseleri

394 2947 610 3022 onomastico);
632 2951 873 3028 promontorium
893 2951 1013 3013 iberiae
1035 2949 1130 3028 Calpe
1151 2961 1256 3010 notum
1278 2963 1335 3012 est.
1368 2950 1491 3012 Utrum·

393 3067 452 3125 que
486 3067 594 3112 nomen
628 3061 716 3113 erunt
741 3050 873 3114 formose
899 3055 952 3132 qui
979 3053 1114 3115 Punicae
1143 3053 1326 3114 crediderint
1353 3055 1490 3132 originis.

395 3149 613 3214 Graeculorum
636 3155 715 3214 enim
739 3164 855 3214 tantum
876 3155 1024 3226 doctrine,
1048 3158 1082 3214 ut
1095 3155 1322 3218 Mttennoffins
1334 3157 1493 3238 perspexit

393 3253 540 3330 (deuuele
561 3255 835 3316 Altertiumsltuude
858 3258 872 3314 l
898 3277 928 3335 p.
951 3257 1000 3316 83.
1019 3257 1108 3334 144),
1130 3257 1330 3336 promontorii
1350 3259 1416 3318 eine
1437 3275 1491 3317 no-

396 3375 462 3420 men
484 3377 504 3418 s
523 3343 632 3422 „ties
644 3359 719 3419 sive
740 3348 836 3426 etin„
858 3359 1016 3419 vocabulis
1032 3357 1162 3420 essem
1179 3358 1316 3422 solvere
1332 3359 1439 3433 volae,
1459 3358 1491 3420 tn

393 3459 472 3536 qnod
495 3460 625 3538 legimns
646 3461 679 3522 in
700 3462 811 3522 Avieni
833 3480 906 3522 orae
927 3461 1027 3522 merit.
1051 3480 1079 3520 v.
1095 3461 1168 3536 348,
1190 3463 1272 3540 apud
1288 3461 1399 3523 Melam
1415 3459 1445 3534 9,
1461 3461 1490 3535 6,

394 3561 434 3622 95
456 3573 488 3622 et
506 3563 537 3622 in
561 3561 687 3624 scholiis
709 3564 746 3622 ad
765 3563 936 3627 iuvenalem
955 3565 1003 3638 14,
1020 3563 1095 3638 2793
1118 3583 1187 3625 nam
1210 3582 1302 3642 rupee
1323 3565 1380 3624 ille
1400 3564 1492 3643 longa

393 3677 424 3724 et
443 3665 595 3743 ntrimqne
617 3683 762 3744 praeceps
784 3675 875 3744 etque
892 3663 993 3729 ‘cavus
1018 3676 1156 3744 temque
1178 3662 1294 3727 urcens’
1315 3668 1381 3728 sire
1399 3661 1491 3726 ‘urna'

392 3767 515 3828 omnino
537 3767 698 3829 dissimilia
719 3765 799 3840 sunt,
822 3776 854 3830 ut
874 3769 1065 3830 testabuntur
1083 3771 1136 3847 qui
1153 3769 1292 3843 viderint,
1314 3787 1411 3847 neque
1426 3787 1491 3829 om-

394 3871 465 3930 nino
486 3870 738 3948 quemadmodum
761 3889 853 3950 rupes
874 3871 1105 3950 qualiscumque
1128 3871 1297 3952 comparari
1311 3872 1410 3951 possit
1423 3889 1491 3932 cum

392 3991 482 4032 urceo
504 3991 619 4033 manue
641 3973 691 4033 vel
712 3981 813 4034 stante
834 3972 884 4034 vel
904 3975 1022 4034 iacente
1044 3974 1206 4053 perspicio.
1244 3973 1358 4035 Verum
1381 3992 1489 4034 nomen

394 4075 464 4136 inde
491 4093 578 4158 suum
607 4073 764 4139 derivasse
788 4075 932 4137 familiam
956 4076 1088 4155 aliquem
1111 4077 1260 4156 plebeiam
1282 4073 1400 4136 Romae
1420 4076 1491 4136 inde

394 4197 413 4236 s
434 4178 556 4240 noculo
577 4179 641 4238 iere
663 4180 804 4257 septimo,
826 4175 1008 4258 quemqnam
1030 4180 1096 4239 fieri
1118 4179 1239 4256 quidem
1259 4179 1367 4258 potnit,
1389 4187 1489 4239 umen

393 4281 550 4358 probabile
576 4299 638 4340 non
665 4287 722 4341 eet.
766 4277 826 4342 Sed
853 4281 934 4342 idem
960 4292 989 4341 et
1013 4282 1159 4342 suffixum
1187 4281 1277 4342 edam
1303 4279 1334 4340 in
1355 4279 1489 4340 locorum

393 4383 566 4443 italicorum
589 4383 761 4446 nominibus
783 4384 946 4461 repetitum·
964 4383 1047 4442 velut
1068 4385 1099 4444 in
1120 4381 1267 4442 Anatim
1282 4381 1383 4443 Caieta
1397 4382 1491 4460 Nepet

392 4484 526 4546 Penestis
547 4485 677 4546 Pometia
698 4485 827 4546 Soletum
850 4484 1010 4564 Spoletium
1033 4485 1156 4559 Vicetia,
1183 4485 1215 4544 in
1236 4484 1397 4545 Bubetanie
1419 4484 1490 4546 Cae·

392 4591 499 4648 retame
518 4586 691 4648 Cusuetuuis
705 4587 801 4648 Plinii
816 4586 849 4664 (3
865 4586 883 4665 §
899 4587 954 4665 69)
976 4588 1107 4666 itemque
1125 4587 1299 4650 Tannetonie
1314 4585 1349 4665 (3
1369 4587 1395 4674 6,
1405 4587 1491 4664 116),

393 4689 510 4749 etiamsi
543 4689 596 4749 illa
625 4691 758 4751 'formae
785 4708 844 4750 non
872 4691 954 4751 omni
981 4709 1020 4751 ex
1046 4697 1133 4769 parte
1163 4701 1244 4751 recte
1273 4690 1382 4750 tradita
1409 4699 1490 4760 aunt,

393 4791 462 4852 item
490 4793 520 4852 in
547 4793 654 4854 iorrnis
677 4792 891 4852 adiectirornm
914 4794 1069 4870 Aepetiuus
1091 4793 1225 4854 eumue
1247 4794 1408 4853 Alsietinus
1430 4793 1489 4850 Ar-

312 4895 313 4898 ’
391 4899 502 4970 puteus
527 4895 681 4956 Neretinue
702 4895 863 4956 Veretiuue.
907 4893 1118 4973 comparanda
1147 4903 1218 4956 sunt
1239 4893 1386 4955 vocabula
1407 4893 1491 4956 velut

393 4995 522 5057 baseium
543 4998 685 5060 dumetum
708 4999 849 5058 lauretum
871 5007 998 5057 tensium
1019 4998 1141 5058 similia.
1177 4997 1301 5056 Accedit
1322 5013 1488 5075 cognomen

394 5101 589 5179 magistratus
613 5099 769 5162 monetarii
791 5097 828 5160 C.
851 5099 978 5160 Mamilii
1001 5097 1148 5160 Limetum
1170 5097 1219 5176 (C.
1236 5099 1261 5158 Ι.
1278 5097 1314 5158 L.
1330 5097 1346 5158 Ι
1363 5095 1448 5174 tte),
1471 5117 1491 5156 s

394 5199 504 5276 limine,
532 5201 591 5263 dea
616 5203 807 5275 limeum,
837 5204 1001 5264 limitaneus
1029 5201 1180 5264 adiectivo
1209 5195 1340 5262 tortasse
1368 5199 1490 5260 omnino

1245 5303 1286 5362 30
