3812 5856
674 525 871 580 PANNONIA
890 528 1077 582 inuentos.

723 935 860 1000 seuve
883 940 926 1018 (p.
942 941 1027 1016 uso).

203 1197 266 1258 sta
289 1196 385 1264 Grani
406 1217 470 1272 rep.
493 1215 541 1254 om
563 1197 728 1272 Ziegelosen
750 1196 794 1255 bei
816 1199 869 1257 dea
893 1197 1134 1274 Capitelddusera
1155 1201 1187 1259 in
1210 1191 1419 1260 fundamentis*
1438 1202 1544 1261 domus

242 1299 413 1373 cuiusdam3
436 1299 531 1358 altera
552 1316 624 1376 pars
647 1306 734 1358 extat
756 1300 836 1378 apud
857 1301 1036 1360 canonicum
1051 1299 1187 1373 Kranae,
1211 1303 1306 1362 altera
1328 1304 1358 1364 in
1381 1305 1545 1380 archiepis-

242 1422 339 1482 copto.

853 1605 860 1676 Ι

516 1664 1058 1720 inessemus-emessam
1095 1667 1148 1709 nn
1185 1669 1241 1710 nrt

515 1731 831 1811 vausurrnrr'uuvs
872 1765 1054 1813 r'vausres
1081 1769 1242 1814 usstass

523 1847 850 1915 co'ucornrssrmri
872 1871 1057 1916 tcroass
1079 1875 1241 1916 maximi

516 1972 557 2017 sc
592 1973 851 2016 rnrvnsssronss
895 1974 1071 2032 aeneaeque
1111 1975 1243 2020 svnvsrr

462 2081 474 2120 a
517 2073 646 2120 muros
675 2073 753 2118 cvm
781 2071 962 2120 uvsrrsvs
1000 2076 1136 2122 norun
1173 2078 1241 2123 ces

514 2177 650 2221 unorum
670 2180 689 2219 Α
719 2177 930 2222 avernensis
960 2163 1239 2224 runosuauro‘

518 2278 1090 2326 nvncousvsosseiursusnvnr
1125 2282 1243 2327 nisro

517 2382 616 2426 uenus
628 2382 755 2438 equino
767 2383 819 2426 vc
854 2384 954 2428 orans
975 2383 1043 2428 nso
1071 2385 1242 2440 sevirum

517 2485 727 2543 neutrumque
760 2485 946 2530 cv-rreurs
982 2486 1242 2532 evovsrrnno

446 2592 472 2632 ro
515 2573 831 2672 uianrriciisrs
864 2588 1242 2634 vssrnvcsvsu·amrrrs

515 2714 631 2757 NVMfo
661 2713 835 2758 CLEMENTIE
853 2717 879 2774 ζ
899 2713 1018 2772 EORVM¹
1038 2711 1241 2758 Dicantssmtts

198 3051 356 3128 Descripsi
380 3057 678 3127 utramquepartem
700 3059 730 3108 et
751 3049 896 3109 coniunxi
919 3051 950 3108 in
972 3069 1004 3108 re
1026 3051 1189 3127 praesenti.

205 3155 208 3162 ’
240 3151 357 3216 Similis
377 3161 426 3212 est
444 3152 524 3212 tituli
545 3172 575 3211 n.
592 3151 673 3211 3653
697 3151 806 3212 ibidem
833 3153 960 3229 reperti,
989 3153 1042 3212 sed
1069 3153 1118 3210 hie
1145 3160 1244 3210 aetate
1266 3151 1420 3228 praeeedit
1446 3155 1541 3231 scrip-

196 3265 244 3317 tus
273 3266 434 3332 antequam
458 3252 626 3315 Gratianus
650 3255 806 3332 Augustus
821 3256 931 3318 taetus
957 3264 1005 3316 est
1031 3255 1080 3314 dia
1108 3253 1150 3316 24
1170 3257 1250 3330 Aug.
1275 3253 1351 3325 367,
1379 3263 1542 3331 postquam

196 3359 338 3439 Equitius
360 3359 461 3418 faetus
487 3364 535 3415 est
556 3342 701 3434 magister
723 3357 865 3430 militum,
891 3357 925 3416 id
946 3359 1027 3434 quod
1050 3356 1230 3416 Ammianus
1259 3353 1309 3426 16,
1333 3357 1362 3427 5,
1387 3357 1424 3416 ll'
1448 3357 1545 3436 signi--

195 3463 267 3522 fleat
287 3462 424 3535 evenisse
447 3477 475 3517 a.
493 3457 553 3518 366
577 3461 716 3540 exeunte,
739 3469 769 3518 et
783 3451 867 3520 extat
889 3457 1064 3519 constitutio
1080 3460 1151 3518 data
1172 3459 1201 3518 d.
1218 3457 1301 3534 Sept.
1320 3457 1360 3516 24
1382 3461 1453 3519 anni
1475 3461 1540 3520 eius

195 3566 234 3624 ad
249 3549 316 3624 eum
332 3563 470 3624 comitem
487 3570 517 3624 et
531 3563 709 3640 magistrum
725 3563 863 3621 militum.
901 3563 1015 3622 Mansit
1029 3571 1128 3622 autem
1140 3563 1171 3622 in
1187 3561 1288 3620 officio
1302 3559 1445 3636 Equitius
1461 3573 1540 3622 oerte

195 3667 233 3725 ad
256 3687 281 3726 a.
296 3665 355 3726 373
380 3662 546 3742 (Ammius.
561 3663 611 3737 29,
625 3665 654 3736 6,
665 3665 707 3740 3).
753 3665 859 3754 Itaque
883 3665 1062 3744 disponente
1077 3665 1201 3742 Equitio
1222 3665 1300 3722 inter
1315 3653 1489 3724 autumnum
1512 3687 1538 3725 a.

196 3768 256 3830 365
279 3778 310 3828 et
330 3775 505 3828 autumnum
528 3786 555 3825 a.
581 3766 641 3825 367
664 3777 833 3826 castrorum
857 3765 1048 3828 Salvensium
1071 3766 1276 3826 fundamentis
1298 3767 1407 3842 positis
1431 3767 1540 3828 deinde

194 3892 221 3931 a.
245 3871 302 3931 371
329 3870 444 3950 burgos
466 3867 688 3930 Commeruinm
710 3871 810 3929 iaetus
832 3879 888 3943 eet,
910 3870 998 3930 euius
1021 3877 1068 3929 est
1090 3870 1195 3928 titulus
1217 3886 1246 3928 n.
1269 3869 1359 3928 3653.
1404 3869 1539 3948 Burgum

194 3993 262 4033 eum
285 3979 319 4031 ut
341 3973 414 4032 feeit
433 3970 592 4032 Eoseanus
614 3973 667 4049 qui
690 3971 808 4045 dieitur,
836 3974 1026 4052 praepositus
1053 3973 1183 4049 legionis
1211 3971 1327 4047 primae
1348 3971 1538 4046 Martiarum,

193 4078 238 4138 ita
258 4084 360 4134 eastra
380 4073 461 4133 faeta
483 4081 554 4135 sunt
575 4083 695 4134 curante
709 4074 891 4151 Aupaetiano
915 4077 985 4135 dune
1003 4054 1165 4151 Vadam)
1189 4075 1299 4146 limitis,
1321 4089 1409 4150 qoem
1432 4073 1538 4134 dueem

193 4179 244 4238 his
270 4178 347 4238 loeis
368 4176 538 4254 praefuisse
565 4177 641 4236 satis
667 4186 786 4237 constat
807 4198 852 4259 ex¹
866 4177 985 4237 Notitis
1004 4173 1193 4254 Dignitatum
1217 4180 1279 4235 ono.
1303 4195 1332 4252 p.
1351 4171 1400 4234 23.
1423 4177 1464 4236 94
1487 4177 1537 4254 (ef.

194 4281 253 4339 voi.
273 4279 321 4338 111
344 4299 374 4358 p.
391 4279 479 4356 416),
500 4279 596 4340 fuisse
618 4280 675 4339 sub
697 4279 896 4358 dispositione
923 4281 1060 4360 magistri
1088 4279 1214 4338 miiitum
1243 4297 1298 4356 per
1320 4277 1477 4356 Illyricum
1498 4299 1538 4338 ex

193 4383 252 4442 hoo
266 4381 353 4442 titolo
368 4391 503 4459 apparet.
549 4379 608 4446 Sed
625 4381 661 4440 de
682 4381 792 4442 litteris
807 4401 885 4460 quae
907 4384 938 4460 in
960 4383 1162 4462 prioreparte
1184 4400 1211 4440 v.
1231 4383 1268 4440 10
1289 4391 1360 4444 suut
1379 4380 1539 4441 fueruntne

194 4503 254 4544 non
276 4485 351 4544 satis
374 4492 502 4544 constat.
549 4481 635 4557 Quae
657 4485 773 4544 deletae
796 4494 877 4559 sunt,
906 4486 973 4545 solo
996 4485 1115 4545 scribae
1137 4485 1224 4564 lapsu
1251 4485 1301 4543 hie
1318 4483 1463 4560 ¹ridentur
1485 4503 1538 4560 po·

193 4589 270 4647 sitae
296 4586 406 4659 fuisse,
429 4605 484 4646 nee
505 4585 635 4646 fortasse
659 4587 740 4646 aliud
762 4588 804 4646 ibi
827 4589 884 4648 fuit
905 4605 996 4665 quam
1019 4603 1063 4644 v·
1080 4602 1099 4646 c
1116 4618 1122 4631 ·
1139 4603 1255 4648 coruus
1277 4587 1356 4645 mele
1377 4586 1537 4662 repetitum

194 4707 233 4749 ex
260 4708 288 4748 v.
305 4689 333 4749 8.
378 4688 466 4765 Quod
490 4689 627 4765 sequitur
651 4705 687 4749 sa
710 4689 834 4766 (deinde
856 4699 956 4767 potest
978 4689 1106 4765 periisse
1128 4689 1229 4748 littera
1251 4708 1313 4748 una
1334 4690 1475 4766 angusta)
1499 4707 1538 4750 ve

192 4789 254 4868 (sel
271 4777 377 4868 vtiset
397 4791 497 4869 ipsum
519 4792 696 4868 impeditum
719 4800 775 4862 est,
798 4792 851 4851 sed
873 4811 941 4851 oum
964 4800 995 4851 et
1011 4791 1286 4868 perfectissimatus
1308 4791 1452 4852 indicatio
1475 4813 1536 4852 our·

191 4895 263 4953 nino
284 4893 457 4970 requiratur
480 4892 531 4969 (of.
555 4893 615 4952 vol.
632 4893 681 4952 111
705 4911 733 4969 p.
753 4895 847 4969 1167)
877 4903 906 4954 st
927 4903 953 4952 et
974 4895 1155 4954 vocabulum
1178 4893 1306 4954 alterum
1328 4893 1461 4954 officium
1483 4896 1536 4953 fla-

191 4995 278 5074 gitet,
308 5004 381 5074 puto
408 4996 452 5054 ita
479 4995 644 5075 significari
667 4999 867 5072 praepositum
896 4997 993 5074 (operi
1016 4980 1145 5072 seilicet)
1173 5001 1265 5064 virum
1287 4999 1537 5074 perfectissimum,

190 5117 372 5176 quamquam
395 5117 453 5158 non
477 5099 583 5176 ignoro
606 5098 799 5158 scribendum
820 5098 914 5160 fuisse
937 5099 1036 5176 potius
1058 5119 1084 5158 o.
1105 5120 1137 5175 p.
1159 5117 1206 5176 pr.
