3848 5850
620 615 697 672 unx
714 617 797 677 con.
816 615 1048 676 ossamves.
1430 603 1501 676 107
1540 685 1541 690 Ν

161 775 362 872 longitudinis
380 793 517 872 aequalis
539 794 580 854 sit
600 802 691 872 atque
705 793 813 870 prims,
834 793 954 854 ridetur
968 793 1071 854 itidem
1086 795 1175 855 tertia
1187 794 1250 855 iere
1264 795 1329 856 eius
1344 813 1415 876 pars
1430 805 1503 858 tenr-

162 914 238 974 pore
258 893 372 957 urenti
393 894 513 956 demum
530 893 562 956 ri
583 896 691 956 avulss
711 913 795 970 esse3
816 893 887 955 inde
908 895 987 956 bane
1007 906 1122 975 purtem
1144 915 1206 958 una
1225 917 1291 958 enen
1313 897 1439 976 reliquis
1457 917 1504 958 re·

161 1011 280 1076 portam
302 1014 373 1060 esso
394 998 448 1060 sed
469 998 561 1059 celari
582 997 733 1059 oouolusit
752 997 906 1076 Berlauga
925 999 1136 1078 probabiliter,
1159 1009 1191 1060 ut
1212 997 1400 1078 supradixi.
1441 999 1504 1061 Ta·

161 1099 258 1161 bulte
273 1100 368 1180 igitur
387 1117 492 1164 omnes
514 1099 646 1162 eiusdem
666 1099 730 1162 fere
751 1102 842 1162 etlam
867 1101 1065 1180 longitudinis
1086 1099 1225 1162 videntur
1245 1100 1356 1174 luisse,
1382 1108 1417 1160 ut
1437 1101 1503 1161 elti-

163 1202 267 1263 todiue
292 1213 365 1264 eunt
388 1203 540 1281 aequales.
582 1201 690 1281 Margo
718 1221 785 1264 eum
812 1201 1010 1267 foraminibus
1032 1205 1184 1282 utriusque
1204 1202 1277 1264 olim
1299 1203 1503 1268 circundatus
1542 1287 1544 1290 Ι

162 1314 195 1364 et
215 1321 255 1365 ex
276 1313 363 1384 putta
384 1313 523 1366 emeatus
539 1303 634 1365 dooet
653 1320 706 1365 eas
729 1300 839 1365 affixae
858 1303 956 1380 iulsss
976 1305 1085 1384 parieti
1106 1305 1198 1368 alieni
1212 1305 1256 1366 its
1269 1301 1335 1366 siue
1349 1305 1450 1378 dnbio,
1471 1315 1517 1366 ut.

162 1407 201 1465 de
215 1407 309 1484 plano
322 1417 404 1468 *recte
424 1407 482 1485 leur·
502 1416 641 1484 posseot3
662 1407 746 1485 quod
766 1415 870 1468 notum
892 1414 941 1468 est
961 1407 1073 1486 ubique
1095 1409 1287 1468 observatum
1309 1405 1423 1469 esseio
1437 1407 1503 1468 eius

131 1583 133 1586 Ι
153 1505 377 1569 Διιιπίίίιῐιιιίἱε
397 1509 560 1586 inscriptis,
582 1525 662 1586 quse
682 1508 803 1586 publioo
824 1508 1000 1588 propositae
1015 1517 1110 1582 eruut.
1143 1509 1280 1572 Tabulae
1294 1511 1384 1588 igitur
1399 1527 1504 1570 omnes

163 1618 280 1671 textum
301 1611 444 1672 ridentur
460 1610 646 1671 eontinoisee
666 1612 697 1671 in
716 1611 836 1689 paginis
851 1609 916 1672 sire
931 1611 1080 1672 oolumnis
1095 1613 1230 1690 quinq-us
1242 1613 1330 1674 iuxta
1345 1611 1504 1672 collocatis

163 1713 379 1792 perscriptum
406 1721 440 1774 ut
460 1713 551 1773 etiam
572 1713 604 1773 in
626 1713 838 1792 antiqniselma
859 1713 1043 1776 voluminum
1064 1715 1215 1791 scriptura
1235 1714 1300 1775 deri
1321 1723 1425 1775 notum
1447 1724 1503 1775 est.
1569 1709 1571 1712 ’

159 1815 269 1875 I’rinrs
293 1815 484 1894 singulorum
508 1815 639 1894 capitum
660 1815 808 1877 voeabula
829 1833 955 1902 versum
973 1815 1138 1894 incipiunt,
1158 1816 1203 1876 ita
1227 1827 1261 1876 ut
1280 1817 1385 1894 paullo
1405 1817 1503 1894 msgis

162 1919 195 1977 in
215 1917 382 1996 marginem
395 1925 572 1992 exonmtt3
595 1917 644 1977 bis
657 1917 858 1978 subscribitur
871 1918 981 1996 ospitis
996 1935 1151 1991 numerum
1173 1917 1310 1978 rubriore
1323 1918 1424 1980 littera
1438 1916 1503 1996 (n)

163 2035 314 2096 nusquam
339 2020 455 2080 odieuts
481 2027 537 2080 eet
581 2016 661 2082 cun,
684 2021 839 2098 supersint
865 2021 965 2098 eapite
987 2017 1218 2081 xo1suOV1
1243 2021 1275 2080 in
1296 2019 1408 2081 bbulis
1430 2019 1504 2080 dus·

164 2123 221 2181 bus
249 2121 402 2199 prioribus
430 2129 461 2182 et
488 2122 590 2201 cupita
617 2117 759 2183 cxxtn
786 2122 826 2182 ad
851 2119 1021 2202 cxxxlv
1047 2117 1089 2182 in'
1105 2123 1211 2194 tertia,
1238 2121 1504 2199 interciderintquo

162 2223 264 2301 oapita
280 2219 413 2299 I-XO,
436 2221 703 2298 CVII—CXXII,
725 2217 880 2285 CXXXV
902 2232 932 2284 et
953 2224 1120 2302 sequentis,
1145 2223 1300 2298 probsbile
1321 2224 1420 2284 estin
1442 2243 1504 2284 una

162 2341 284 2404 qusque
309 2326 414 2388 tabula
439 2325 612 2405 perscripta
633 2325 731 2386 tuisse
756 2326 858 2405 eapite
882 2327 1001 2387 circiter
1021 2323 1084 2386 XV
1105 2327 1144 2386 ad
1165 2325 1243 2389 XVI
1270 2326 1302 2388 in
1328 2327 1428 2406 quinis
1453 2343 1503 2386 oo·

161 2427 286 2502 lomois,
309 2434 343 2487 ut
362 2436 444 2488 reete
465 2428 609 2507 exposuit
629 2427 790 2506 Berlrnga.
828 2425 917 2503 Quod
939 2428 965 2489 si
986 2425 1115 2500 infuit,
1135 2427 1314 2490 interierunt
1332 2429 1395 2489 iero
1416 2428 1503 2488 tabu·

162 2529 212 2588 lue
232 2546 289 2590 sex
311 2530 438 2608 priores,
460 2538 580 2604 octava,
601 2548 700 2590 nonae
720 2547 793 2609 pars
816 2531 918 2604 tertia3
947 2539 1086 2602 servatae
1108 2539 1179 2590 sunt
1200 2511 1329 2611 septima
1353 2541 1383 2590 et
1404 2547 1501 2590 nonae

164 2639 270 2709 partes
292 2631 373 2694 duae,
389 2633 516 2710 priores.
558 2632 595 2693 Iu
616 2635 677 2693 fine
695 2637 758 2692 'non
781 2633 907 2692 multum
929 2633 1037 2694 deesse
1057 2633 1213 2712 probabile
1234 2645 1290 2694 eet.

248 2733 398 2811 Exemplo
418 2716 612 2814 lithogrspba
632 2733 951 2812 eBorlangantiliter
971 2735 1089 2795 adiueta
1108 2733 1235 2796 intuenti
1256 2735 1358 2796 ststitn
1380 2733 1502 2794 demon·

162 2845 263 2900 strant
282 2835 462 2915 scripturam
483 2836 574 2897 buius
594 2837 688 2914 legis,
714 2837 934 2914 quamnim
954 2837 1046 2896 latum
1069 2855 1138 2898 osse
1159 2843 1290 2910 eonstat,
1312 2850 1438 2915 prorsus
1459 2836 1502 2898 di·

165 2956 283 2998 versum
310 2955 380 2998 esse
405 2959 425 3000 a
445 2937 645 3000 Cseesrimse
671 2940 778 3000 aetatis
804 2939 988 3020 litteratura,
1014 2957 1106 3016 quem
1130 2939 1232 3018 qualis
1252 2938 1345 2999 luerit
1364 2939 1502 3001 norimus

161 3040 301 3118 exlegis
322 3039 421 3102 Iuliae
442 3040 632 3117 municipalis
653 3061 680 3100 a.
697 3039 758 3102 709
780 3041 928 3118 reliqniis,
949 3057 1027 3119 quas
1047 3041 1209 3102 Ritsubelii
1222 3040 1259 3103 P.
1273 3041 1311 3102 L.
1325 3041 1367 3102 Id.
1389 3041 1501 3102 tabulis

161 3141 307 3202 XXXIII
327 3139 359 3202 st
378 3141 521 3204 XXXIV
542 3143 695 3204 exhibent.
739 3140 958 3208 solerentne
983 3143 1099 3204 litteras
1120 3144 1233 3205 babent
1252 3161 1372 3204 orasses
1392 3144 1501 3205 breves

165 3245 346 3321 quadratas,
374 3254 443 3304 set
462 3262 489 3304 st
514 3245 705 3324 potissimum
731 3243 847 3305 t‘ormae
872 3245 992 3305 aliunde
1018 3255 1108 3306 notae
1134 3247 1331 3325 antiquioris,
1358 3260 1382 3306 ο
1409 3263 1501 3325 ssepe

160 3345 288 3424 reliquis
310 3347 473 3419 minorem,
497 3345 620 3420 omniuo
642 3347 822 3425 scripturam
843 3345 1010 3424 simplicem
1031 3355 1063 3428 et
1081 3348 1172 3412 reneis
1195 3357 1309 3410 tantum
1330 3349 1418 3420 lineis
1440 3347 1502 3408 alte

160 3448 268 3508 incisis
295 3443 469 3521 formatam,
497 3449 633 3527 apicibus
662 3446 753 3508 nullis
781 3449 948 3511 litterarum
974 3449 1167 3530 singularum
1189 3449 1300 3526 (veluti
1324 3451 1357 3510 in
1382 3467 1403 3509 Α
1431 3467 1457 3510 rs
1484 3465 1502 3510 s

161 3559 193 3608 et
211 3549 379 3630 siuilibus)
400 3556 456 3612 neo
477 3552 574 3629 magis
595 3549 659 3610 ulls
678 3551 760 3611 linea
779 3558 872 3624 recta,
893 3551 987 3611 voluti
1006 3551 1039 3612 in
1061 3565 1127 3624 Qut
1148 3551 1178 3623 ir,
1199 3551 1229 3611 iu
1252 3569 1374 3624 uurvam
1389 3552 1499 3613 lineam

160 3651 291 3712 dedere.
340 3654 383 3712 At
413 3654 446 3712 in
478 3653 591 3714 tabulis
620 3651 848 3713 Ursoneueibns
875 3652 988 3713 indicia
1015 3653 1090 3713 bae-e
1117 3653 1186 3714 aeri
1212 3654 1362 3731 sequioris
1392 3653 1503 3715 adsunt

160 3753 277 3826 omnia,
303 3761 393 3832 stqrm
411 3756 451 3814 'in
471 3753 612 3815 omnibus
634 3754 848 3832 aequabiliter3
874 3773 1057 3833 quamquam
1078 3755 1198 3816 tabulae
1219 3757 1327 3816 tertiae
1352 3756 1503 3834 scriptura

159 3854 346 3934 reliquarum
370 3857 469 3916 minor
494 3867 525 3917 et
551 3859 648 3936 magis
674 3875 849 3934 compressa
874 3857 953 3924 allus
978 3857 1118 3918 inuisoris
1143 3877 1265 3918 manum
1291 3877 1364 3936 prae
1390 3875 1424 3918 su
1444 3858 1502 3918 lert

159 3967 250 4034 atque
280 3959 395 4035 primae
421 3967 453 4018 et
478 3958 642 4031 secundae,
672 3970 750 4036 quse
778 3977 839 4021 nna
865 3959 932 4019 tuit.
983 3957 1134 4020 Convenit
1161 3969 1261 4020 auteur
1289 3959 1328 4020 ad
1356 3959 1500 4020 amussirn

161 4059 235 4123 itero
255 4059 440 4133 litterstura,
466 4077 542 4138 quae
564 4061 713 4122 elemento
732 4059 854 4122 exbibet
874 4062 978 4122 tenuia
998 4059 1062 4122 olto
1082 4059 1288 4139 longiuscula,
1310 4049 1449 4140 apicibus
1470 4071 1502 4122 et

159 4161 386 4221 eunuionibuo
413 4173 534 4234 orosto,
563 4180 631 4222 nunt
660 4163 759 4241 legum
787 4163 962 4224 Fluviarnm
990 4163 1156 4246 scripturn,
1185 4163 1305 4242 qualern
1333 4162 1500 4241 Berlangae

158 4264 307 4339 Imagines
334 4265 440 4323 eodem
466 4273 555 4342 atque
579 4249 747 4343 archetypa
767 4265 890 4348 modulo
908 4265 1061 4342 lapidibus
1082 4265 1199 4326 inuisae
1220 4275 1398 4326 monstrent.
1440 4265 1500 4324 Ita·

157 4383 215 4442 que
243 4365 325 4444 quod
351 4373 384 4425 et
409 4383 448 4425 ex
471 4366 562 4426 rebus
584 4375 615 4426 et
636 4383 675 4426 ex
696 4381 834 4428 murone
856 4368 1062 4430 Mommsenus
1081 4365 1162 4427 inira
1182 4367 1399 4430 demonstravit
1419 4385 1501 4427 eom·

157 4468 304 4546 probatur
325 4468 398 4526 itetn
419 4467 518 4529 forma
537 4467 717 4544 litterarum,
736 4469 851 4530 seilicet
871 4469 990 4547 publius
1010 4470 1197 4550 propositum
1219 4485 1287 4530 esee
1307 4471 1385 4530 hano
1403 4469 1499 4550 legem

155 4571 265 4631 luliaut
287 4581 349 4630 uon
373 4587 409 4629 eo
430 4587 492 4646 quo
513 4571 576 4630 lata
596 4579 642 4631 est
662 4580 808 4650 ternpore,
830 4573 883 4635 sed
905 4572 1026 4634 mento
1047 4571 1110 4632 iere
1132 4572 1231 4650 primo
1252 4581 1390 4632 exeunte.

1200 4710 1284 4770 Anu.
1307 4709 1454 4770 Hdnnnu.
