3794 5850
392 596 415 668 2
726 667 728 670 ,
987 615 1127 668 samar.
1249 695 1250 699 Ν

391 773 595 849 collectionem
623 789 788 850 coniectum
814 807 883 849 esse
909 797 1062 867 appareat.
1105 787 1232 849 Praeter
1253 787 1414 867 cyriacum
1441 797 1541 848 autem
1568 807 1656 849 nemo
1676 800 1725 850 est

391 891 443 968 qni
464 890 528 951 XV
541 891 590 950 vel
603 889 681 951 XVI
695 891 817 952 saecnio
836 921 880 937 υ-
899 892 958 950 hoc
979 892 1058 950 enim
1075 897 1209 970 tempore
1224 891 1354 971 scriptus
1368 901 1415 952 est
1428 890 1494 950 cod.
1510 889 1668 951 Palatinus
1683 923 1737 961 -‚

389 991 520 1060 Lesbum
543 993 673 1053 insulam
695 992 883 1070 antiquitatis
903 1002 1097 1052 monuments
1117 991 1276 1068 colligendi
1298 1010 1393 1052 causa
1413 991 1530 1052 adierit
1566 991 1725 1052 Lemmata

391 1094 504 1154 codicis
526 1108 678 1172 nunquam
699 1089 822 1173 quidem
842 1094 957 1156 eisdem
978 1095 1090 1166 verbis,
1116 1094 1225 1171 quibus
1246 1093 1383 1154 Pariana
1404 1103 1548 1171 concepta
1570 1103 1650 1168 sunt,
1671 1095 1724 1154 sed

390 1196 422 1255 in
448 1196 524 1272 ipsis
549 1199 640 1258 rebus
665 1197 785 1275 egregie
806 1205 988 1274 congruunt,
1015 1195 1054 1255 ci.
1077 1183 1114 1256 ad
1136 1215 1165 1254 n.
1182 1190 1270 1256 XXI.
1292 1195 1399 1255 XXII.
1418 1195 1457 1255 V.
1480 1183 1582 1257 XXV.
1603 1195 1723 1256 XXVI.

390 1297 501 1356 Paullo
529 1295 617 1358 aliter
642 1297 739 1358 codex
763 1296 978 1358 Valiiceilanus
1006 1308 1196 1376 comparatus
1224 1289 1284 1358 esti
1327 1296 1456 1358 Praeter
1484 1289 1615 1358 Asianos
1642 1297 1722 1356 enim

390 1399 533 1476 quinque,
554 1400 585 1458 iu
609 1399 717 1477 quibus
732 1398 899 1460 Lesbiacae
921 1407 1071 1477 quattuor,
1085 1400 1241 1464 Romanae
1262 1400 1475 1476 inscriptiones
1497 1399 1584 1471 duae,
1599 1397 1722 1460 Ostiene

390 1519 439 1560 ses
460 1501 606 1566 Reatinae
621 1499 816 1561 Florentinee
837 1501 985 1582 singulae,
1006 1501 1085 1561 uliae
1107 1520 1221 1578 paucas
1242 1501 1310 1560 ioco
1331 1501 1415 1559 nnllo
1436 1497 1568 1562 iudicato
1588 1501 1632 1560 ibi
1653 1518 1722 1579 pro·

390 1611 481 1678 stant,
503 1603 606 1662 latinis
628 1603 744 1680 graecis
767 1604 880 1663 mixtis.
924 1602 1090 1664 Videamus
1110 1602 1327 1664 Lesbiacorum
1346 1602 1500 1662 lemmata.

455 1705 480 1762 i.
514 1705 605 1764 huius
629 1705 699 1782 spii.
721 1704 821 1764 n.IV:
847 1705 879 1766 in
904 1705 1045 1766 columns
1064 1724 1232 1766 marmoreo
1252 1703 1383 1764 Neronis
1406 1704 1600 1782 epigramma.
1645 1702 1731 1764 cot.

514 1807 610 1867 vett:
633 1809 672 1867 sd
693 1825 890 1868 marmoream
911 1809 1080 1867 columnam
1101 1808 1132 1866 in
1146 1805 1299 1868 Neronem
1315 1805 1478 1866 Gaesarem
1499 1807 1693 1884 epigramma.

454 1907 483 1968 2.
514 1911 544 1968 h.
568 1909 636 1968 evit.
657 1908 794 1970 exin:
817 1910 847 1967 in
870 1909 931 1970 aiis
952 1907 1056 1986 (basi).
1090 1907 1283 1970 cod.vatt.=-
1300 1908 1340 1968 ad
1360 1925 1558 1988 marmoreum
1581 1909 1668 1968 basin
1690 1907 1722 1968 in

515 2009 679 2070 Traianum
701 2011 873 2072 Osesarern.

454 2114 482 2173 3.
515 2113 545 2172 b.
560 2113 629 2192 syll.
652 2131 681 2172 n.
697 2111 852 2172 XXVIII:
873 2111 990 2174 Ibidem
1011 2111 1045 2190 (i.
1061 2111 1141 2174 ein
1156 2112 1271 2174 balneis
1283 2111 1402 2190 Lesbi).
1436 2109 1512 2174 (iod.
1525 2112 1619 2172 vett:
1641 2111 1721 2189 apud

513 2213 637 2274 Lesbon
658 2215 690 2274 in
711 2214 938 2290 quadem'besi.

452 2317 482 2375 4.
515 2316 545 2376 h.
568 2315 638 2390 syil.
660 2335 690 2376 ιι.
705 2316 785 2376 ΧΙΙι
806 2317 838 2376 in
859 2317 920 2378 siis
940 2317 1007 2378 basi
1029 2314 1227 2394 (praecedunt
1246 2317 1428 2395 Mytiiines).
1472 2313 1547 2378 cot.
1563 2315 1659 2376 Velit
1682 2315 1722 2375 ud

514 2437 713 2478 marmoream
733 2419 822 2480 basin
843 2419 924 2494 apud
944 2419 1119 2497 Mytilenen.

390 2518 573 2581 Consideros
595 2521 700 2592 velim,
727 2521 759 2579 in
780 2518 918 2580 Pusione
943 2523 1118 2598 apographo
1145 2520 1267 2580 minime
1292 2521 1411 2597 integra
1435 2521 1550 2580 servari
1571 2519 1721 2593 lemmata,

389 2621 481 2683 immo
510 2623 597 2682 valde
622 2625 656 2682 In
683 2622 802 2681 brevius
831 2631 966 2681 coarmta
993 2631 1083 2698 atque
1109 2639 1150 2680 ex
1177 2624 1315 2698 proxime
1345 2623 1489 2698 cuiusque
1517 2618 1720 2680 antecedentis

389 2737 498 2784 natura
517 2726 717 2784 conformata:
739 2724 896 2794 concedes,
917 2741 978 2783 non
998 2741 1071 2784 essu
1091 2725 1205 2783 iactum
1226 2741 1302 2795 esse,
1323 2731 1357 2783 ut
1376 2742 1413 2782 ne
1429 2721 1607 2800 sicquidem
1621 2721 1718 2780 omnis.

389 2829 561 2886 lemmatum
583 2826 748 2886 similitudo
768 2827 892 2902 periret:
916 2830 954 2885 tt.
974 2827 1005 2884 in
1028 2825 1133 2902 primis
1156 2825 1193 2883 ad
1215 2843 1245 2884 n.
1260 2824 1315 2884 IV.

471 2929 577 2990 Lectio
589 2927 790 2991 vallicellana
809 2928 963 2986 rarissime
983 2947 1003 2985 a
1016 2927 1153 2987 Pariano
1170 2927 1334 3003 discrepat;
1356 2945 1453 3002 nsque
1468 2925 1546 2986 enim
1560 2943 1633 2985 curo
1646 2925 1720 2986 Ievi-

390 3029 495 3090 densia
518 3031 574 3089 tila
599 3031 721 3098 mendo,
748 3033 826 3106 quse
852 3045 907 3105 pto
934 3046 967 3088 se
993 3031 1121 3104 quisque
1144 3045 1239 3106 prava
1262 3027 1405 3106 loquendi
1431 3026 1645 3088 consuetudine
1666 3025 1720 3086 im·
1809 3085 1810 3089 ,

390 3135 482 3194 butus
502 3119 614 3193 interro
635 3133 762 3200 sotebtt,
783 3139 817 3192 ut
837 3149 893 3208 pro
913 3153 931 3198 η
953 3129 1097 3190 scriberet
1118 3153 1137 3200 r,
1159 3151 1172 3186 c
1193 3147 1250 3208 pro
1279 3153 1293 3186 o
1315 3129 1383 3189 sim.
1418 3127 1455 3188 In
1471 3127 1559 3188 tituto
1573 3125 1619 3187 IV
1635 3147 1719 3203 prae·
1746 3115 1748 3118 ¹

390 3234 504 3312 scripta
524 3233 655 3294 immola
674 3227 688 3289 i
704 3229 792 3304 δῆμοι
811 3261 854 3275 -
875 3233 920 3291 sic
933 3232 1014 3291 enim
1027 3232 1059 3291 in
1069 3227 1269 3292 Veliiceilano
1285 3263 1322 3274 -
1339 3231 1487 3291 omittitur
1499 3231 1531 3290 in
1546 3230 1721 3310 apographo

388 3335 541 3408 Parisino,
567 3343 597 3396 ct
621 3333 1023 3414 potnitomitti'faoiilirne3
1053 3333 1186 3392 eiusdem
1213 3331 1418 3410 neglegentiae
1444 3333 1615 3410 exemptum
1640 3331 1721 3390 inira

388 3456 429 3498 ex
442 3435 583 3497 Paterno
597 3435 743 3496 adtuliad
765 3453 794 3495 n.
809 3435 917 3494 XXII.
935 3467 970 3478 κ-
995 3434 1113 3495 Deinde
1127 3435 1158 3494 in
1177 3454 1208 3493 n.
1223 3435 1284 3494 XII
1302 3435 1427 3512 iegitur:
1449 3435 1718 3492 ΛΥΤΟΚΡΑΤΟΡΙ

390 3541 514 3598 κΑΙΣΑ.
529 3539 846 3596 ΝΕΡΟΥΑΤΡΑΙΑΝΩ
863 3535 1020 3607 ΚΑΙΣΑΡΙ,
1042 3535 1093 3594 ubi
1114 3535 1200 3594 nihili
1220 3551 1296 3595 esso·
1311 3536 1395 3613 prius
1417 3538 1541 3594 ΚΑΙΣΑ.
1563 3541 1594 3594 et
1614 3543 1720 3610 sponte

389 3649 515 3719 apperet
534 3645 565 3699 et
586 3639 681 3700 sensit
700 3639 852 3703 librarius.
873 3639 926 3713 qui
947 3647 1086 3714 coeptum
1100 3637 1279 3696 vocabulum
1301 3655 1357 3698 neu
1377 3635 1416 3696 sd
1433 3635 1521 3696 tinem
1537 3635 1678 3714 perduxit
1691 3640 1722 3694 st

389 3752 529 3818 punctum
556 3741 713 3821 adposuit,
740 3759 774 3800 us
800 3740 915 3801 seilicet
940 3753 1059 3799 errasse
1085 3755 1119 3797 se
1145 3737 1338 3816 signiticaret.
1381 3735 1503 3798 Desunt
1525 3736 1582 3796 bae
1602 3736 1721 3796 listerus

389 3845 421 3904 iri
441 3842 647 3905 Vallicellsno.
689 3841 755 3903 Iam
780 3859 852 3902 vero
873 3839 1038 3900 notandum
1059 3845 1108 3898 est
1127 3839 1159 3899 iu
1180 3841 1353 3918 apographo
1373 3837 1510 3899 Pavisno
1532 3853 1639 3899 versus
1662 3855 1722 3898 non

388 3946 451 4006 fers
472 3945 581 4020 ditidI,
606 3943 698 4006 diuidi
719 3963 792 4005 vero
817 3945 849 4002 in
866 3940 1066 4004 Valiioslitt'no
1093 3949 1123 4000 st
1146 3941 1235 4001 buius
1256 3941 1375 4018 quidem
1399 3939 1476 4000 titali
1493 3940 1557 4011 its,
1584 3947 1617 4000 ut
1637 3935 1721 3996 adro·

388 4045 501 4132 κράτιρι
519 4054 551 4107 et
570 4047 704 4131 Τραιανῷ
722 4045 877 4105 vocsbuiis
898 4060 1004 4104 sersus
1025 4043 1231 4115 terminentur,
1258 4047 1361 4119 itaque
1382 4057 1490 4102 versus
1511 4038 1662 4101 secundus
1682 4039 1721 4099 ab

390 4147 508 4208 κΑΙΣΑ.
523 4147 661 4222 irustnlo,
675 4152 783 4208 tertius
797 4147 836 4206 ab
851 4148 990 4204 «transt
1007 4163 1080 4206 roca
1093 4145 1211 4204 initiunt
1227 4148 1336 4222 capiet.
1370 4141 1570 4222 Cognoscitur
1583 4143 1639 4202 boc
1651 4159 1720 4218 pec·

389 4269 476 4312 casse
501 4249 673 4324 librarium,
699 4263 733 4310 ut
753 4267 773 4308 a
794 4247 917 4309 secundi
937 4247 977 4307 ad
998 4250 1076 4307 tertii
1097 4264 1204 4307 versus
1226 4247 1343 4305 insnum
1365 4246 1463 4306 oculis
1484 4246 1638 4304 aberraret
1657 4261 1721 4303 cor·

389 4359 512 4430 tumque
533 4359 582 4410 est
603 4369 708 4412 uersus
730 4350 806 4410 adeo
828 4349 952 4409 eundern
973 4349 1005 4408 in
1027 4349 1148 4408 modum
1169 4347 1284 4408 divisos
1307 4356 1465 4424 utrumque
1483 4346 1638 4406 librarium
1652 4356 1722 4404 aute

389 4454 495 4514 oculos
521 4452 671 4515 habuisse.
716 4451 832 4513 Certior
858 4449 949 4511 etiam
975 4454 1003 4510 si
1030 4452 1128 4529 possit
1154 4450 1219 4510 teri
1245 4469 1293 4510 rsa
1318 4449 1353 4508 iit
1380 4465 1432 4521 eo,
1460 4447 1541 4522 quod
1565 4446 1598 4508 in
1619 4451 1721 4505 e‘rrore

387 4557 521 4630 ‘quodem
552 4554 632 4615 baud
658 4555 776 4636 ordgari
808 4553 958 4614 consentit
987 4570 1055 4614 curn
1081 4551 1278 4624 Veiliceiiano
1303 4550 1472 4610 Patiscum
1499 4547 1721 4626 apographum

388 4659 546 4734 utrobique
560 4659 638 4724 enirn
660 4657 692 4716 in
713 4675 742 4716 n.
758 4655 823 4715 XII
842 4675 898 4734 pro
913 4651 1011 4726 uris-rr
1028 4653 1169 4714 scribitur
1181 4650 1286 4714 urim
1308 4651 1449 4728 (Parion.
1463 4641 1603 4727 mirre),
1625 4649 1722 4708 ιοιιιιι

388 4761 479 4838 pisae
499 4760 643 4819 inaudita.

472 4861 666 4922 Valliceltsni
688 4870 788 4921 uutern
810 4857 1009 4920 demonstrari
1030 4864 1131 4936 potest
1151 4858 1284 4918 Asianus
1305 4856 1413 4917 saitem
1434 4853 1646 4932 inscriptiones
1661 4849 1721 4931 Cy·

262 5043 264 5048 Ι
389 4966 472 5026 risco
501 4965 612 5025 deberi.
654 4963 799 5024 Traditur
827 4963 905 5022 eninr
932 4961 951 5020 i.
973 4959 1022 5023 tt'
1048 4957 1212 5024 titulusG.
1232 4959 1258 5020 1.
1281 4957 1362 5020 3527
1390 4976 1458 5019 catu
1484 4960 1541 5016 boc
1565 4956 1720 5016 lemmate·

388 5063 489 5146 'Apud
510 5067 630 5128 Eoliam
657 5066 786 5126 dirutum
807 5063 981 5142 Appollinis
1007 5061 1153 5144 tempium
1179 5040 1422 5139 unuquiisinum
1447 5059 1565 5136 magnis
1586 5063 1618 5117 et
1638 5055 1721 5115 nobi·

389 5169 468 5229 libus
495 5169 602 5228 litteris
628 5161 834 5248 epigramms’.
876 5165 964 5241 Ques
988 5165 1027 5226 ad
1047 5163 1288 5224 verberaverat
1293 5155 1386 5258 'subt
1405 5179 1444 5222 ιι
1469 5175 1580 5237 grsece
1598 5153 1721 5236 cyriaci

390 5271 581 5332 adnotatione
602 5281 724 5330 servata
743 5271 775 5328 in
796 5267 954 5332 Strabonis
974 5265 1085 5328 codice
1098 5265 1234 5327 Medicas
1255 5263 1331 5342 plut.
1337 5227 1508 5336 XXVIII,
1524 5259 1559 5321 b.
1580 5251 1722 5344 Xopoesis
