3784 5854
398 555 475 631 204
730 588 732 592 >
761 648 763 654 Α
809 565 895 619 von.
921 567 937 620 1
963 563 1323 628 surrevsssnssevu.

396 751 575 812 Mutueseae
596 744 665 804 uiue
686 728 824 803 Suluriae
845 741 974 818 rigorem
996 751 1079 804 certo
1101 745 1202 806 ubivis
1224 765 1370 824 apparere
1395 765 1464 809 oum
1486 749 1636 828 sepulcris
1656 752 1746 814 iuxta

396 870 469 912 eum
494 848 608 927 passim
630 841 796 906 eolloeatis.
839 844 978 904 seeundo
1005 844 1106 922 lepide
1132 857 1205 928 poet
1224 831 1323 912 viuum
1349 851 1472 914 Nouum
1499 853 1624 916 uesani
1643 854 1743 916 rivum

396 954 569 1014 venientem
595 949 705 1008 avico
726 947 847 1024 Poggio
868 945 997 1020 Natiso,
1026 948 1139 1010 dietum
1165 951 1295 1028 primum
1313 954 1400 1029 sotto
1424 955 1457 1014 di
1483 953 1596 1033 Puppis
1622 955 1743 1032 Notius,
1769 993 1771 998 ·

396 1074 470 1117 mox
493 1055 583 1114 Fosso
604 1050 684 1110 dello
712 1049 806 1121 Villo3
828 1068 896 1108 eum
917 1048 1015 1110 rivum
1038 1069 1094 1130 pro
1114 1071 1149 1111 re
1169 1071 1231 1114 non
1260 1053 1304 1115 ita
1323 1054 1467 1134 exiguum
1481 1045 1591 1118 deinde
1610 1057 1745 1120 inuidere

397 1156 574 1217 indusium
595 1151 766 1213 Fariernnr.
809 1151 876 1212 lem
890 1147 990 1230 'igitur
1011 1152 1205 1232 intellegitur,
1226 1155 1312 1218 onius
1333 1157 1424 1218 rivuli
1445 1166 1544 1242 pente
1559 1159 1658 1238 prima
1677 1162 1747 1222 siaa

399 1260 501 1337 portio
521 1255 691 1320 delinietur.
723 1286 761 1298 -
812 1247 976 1332 Treositns
997 1253 1107 1316 dainde
1128 1259 1241 1321 montis
1262 1256 1539 1338 Appenniniinatn
1571 1260 1641 1323 loeo
1660 1281 1747 1342 repe·

395 1362 488 1434 riter}
523 1378 593 1421 nam
625 1353 785 1417 terminum
817 1355 924 1417 habuit
955 1357 1087 1419 seeunda
1118 1361 1230 1438 portio,
1262 1359 1291 1422 ai
1323 1371 1405 1423 reete
1431 1380 1581 1436 ¹nursseroa
1603 1364 1743 1435 ¹restitui·

393 1481 479 1536 mus,
519 1463 584 1524 iere
625 1463 665 1523 ad
705 1460 905 1523 centesimum
945 1457 1092 1540 lapidem,
1142 1480 1231 1539 quem
1273 1479 1313 1524 ax
1353 1463 1485 1527 miliario
1522 1465 1549 1526 1.
1586 1463 1628 1546 li.
1660 1462 1743 1528 6259

394 1571 515 1625 constet
548 1564 673 1626 stetisse
698 1582 795 1642 prope
814 1561 1001 1641 Trisunssnm
1029 1563 1062 1623 in
1086 1563 1166 1624 valle
1188 1563 1317 1626 ‘fruenti
1345 1565 1510 1643 superiore.
1556 1597 1595 1612 -·
1638 1565 1744 1632 Tertio

396 1684 486 1746 pura,
527 1667 555 1726 si
595 1675 677 1728 reete
709 1667 812 1725 hiatus
847 1663 991 1744 expleri„
1014 1664 1129 1744 duplex
1163 1675 1226 1742 est,
1265 1676 1300 1729 ut
1337 1667 1452 1730 bivium
1486 1666 1579 1730 inerit
1612 1667 1676 1730 iere
1705 1668 1743 1730 aul

398 1769 597 1828 centesimum
619 1778 884 1845 sternerenturqne
904 1765 974 1827 uiae
1008 1757 1080 1828 in'de
1114 1767 1192 1830 duas
1227 1767 1324 1831 ultera
1348 1769 1389 1831 ad
1414 1769 1630 1832 Interamnium
1652 1769 1746 1840 Prae,-

395 1871 594 1931 tuttianornm
641 1869 731 1930 hodie
771 1865 908 1941 Teaomoa
964 1868 1022 1928 hoo
1068 1869 1150 1932 enim
1189 1870 1334 1952 oppidum
1374 1871 1462 1934 iuxta
1500 1872 1669 1935 Truentum
1705 1871 1744 1934 ad

397 1971 548 2034 Asuuium
579 1972 726 2034 Picenum
772 1978 856 2050 petet
891 1971 1055 2050 significari
1086 1992 1115 2034 v.
1146 1973 1194 2034 13.
1255 1972 1449 2054 Quamquam
1491 1973 1520 2035 si
1557 1973 1607 2036 uni
1645 1975 1745 2054 magis

395 2075 529 2157 pleoebit
553 2075 636 2136 viam
662 2073 811 2136 Salariam
838 2073 967 2152 septimo
993 2074 1115 2144 6666616
1141 2073 1291 2137 Asenlum
1322 2072 1383 2138 666
1410 2075 1564 2156 attigisse,
1592 2077 1646 2136 sod
1673 2085 1747 2156 post

397 2177 575 2258 Appennini
598 2177 758 2238 transitum
785 2174 1002 2244 Iutemmnium
1023 2177 1179 2255 petivisse,
1206 2161 1301 2240 verbe
1321 2195 1401 2258 quae
1425 2177 1459 2240 iu
1479 2178 1570 2240 titulo
1591 2187 1749 2262 remanent

399 2282 491 2342 etiam
511 2279 731 2360 huioopinioui
752 2277 843 2340 inoile
862 2277 1180 2340 accommodabuntur.
1221 2278 1298 2354 Hos,
1311 2289 1402 2342 antea
1415 2278 1476 2342 iam
1497 2279 1746 2342 intellexeramus

394 2380 633 2456 Interamnium,
663 2379 747 2458 quod
773 2379 938 2441 secundnm
964 2379 1121 2443 itinereaisi
1150 2383 1323 2460 posteriora
1359 2400 1379 2444 a
1405 2379 1526 2444 Salaria
1555 2379 1747 2460 aliquantum

394 2485 499 2563 distat,
521 2496 658 2566 ternpore
678 2485 793 2546 liberae
814 2481 860 2543 rei
884 2480 1025 2562 publicus
1044 2483 1085 2543 66
1116 2483 1216 2562 ipsam
1236 2484 1317 2546 viem
1335 2485 1487 2563 publicem
1511 2484 1621 2562 pluisse.
1664 2481 1745 2546 Nam

396 2587 553 2666 prodisset
572 2597 643 2648 ante
667 2605 765 2650 annos
790 2587 855 2649 iera
882 2586 1102 2668 quinquaginta
1127 2587 1159 2645 iu
1185 2603 1260 2666 agro
1285 2587 1358 2667 pagi
1380 2585 1483 2650 Sancti
1506 2585 1611 2649 Omeri
1638 2585 1746 2667 cippus

393 2687 447 2752 hio
467 2689 617 2754 millesies
638 2690 676 2770 (1.
698 2690 740 2754 N.
764 2688 846 2753 6266
870 2713 909 2744 =
931 2689 994 2750 vol.
1018 2691 1033 2750 l
1056 2709 1087 2750 6.
1110 2686 1186 2766 661)

920 2929 938 2974 ι
955 2941 964 2960 ·
979 2927 1098 2976 caecum
1113 2942 1121 2964 ·
1137 2927 1185 2988 6,·
1200 2931 1217 2974 e

963 3035 1176 3099 merlliilits

1037 3170 1112 3218 cxix

1022 3289 1115 3337 sosas

397 3495 452 3576 qui
472 3515 571 3576 pagus
597 3518 665 3562 oum
687 3499 804 3564 medius
824 3500 867 3563 ait
886 3501 967 3562 inter
987 3499 1136 3562 Asculum
1157 3507 1189 3560 et
1209 3497 1442 3572 Interamnium,
1474 3495 1536 3558 iem
1557 3495 1631 3559 oiim
1651 3497 1746 3560 edens

394 3617 466 3660 enm
485 3601 607 3680 eippnm
623 3603 767 3664 ednotusi
787 3622 858 3666 eum
878 3613 968 3666 extra
988 3603 1121 3682 rigorem
1143 3603 1212 3663 viae
1232 3597 1371 3664 Salariae
1392 3599 1573 3680 posterioris
1594 3599 1746 3680 prodiisse

395 3700 501 3779 itaque
522 3705 676 3782 pertinere
694 3704 792 3769 uideri
812 3706 852 3768 ed
872 3701 1024 3769 Salarium
1044 3705 1127 3766 viem
1149 3705 1189 3764 eb
1208 3723 1247 3766 eu
1266 3721 1358 3782 quam
1379 3703 1522 3764 novimus
1541 3699 1695 3764 diuersam
1715 3709 1749 3765 at
1872 3705 1873 3732 ³

392 3805 601 3869 vetustiorem.

479 3907 540 3972 Sed
562 3909 670 3990 eippus
705 3909 736 3975 is
767 3928 857 3992 qoem
884 3909 976 3974 modo
1002 3909 1106 3973 rettuli
1134 3926 1203 3970 eum
1236 3925 1275 3968 eo
1300 3926 1391 3987 quem
1423 3923 1481 3968 nos
1507 3903 1626 3970 edimus
1652 3903 1744 3967 titulo
1872 3901 1873 3908 ’

392 4007 486 4070 etium
520 4012 647 4090 propius
685 4013 864 4076 coniunctus
899 4013 1020 4076 videtur
1054 4027 1134 4073 essa.
1190 4011 1395 4070 Attribnimus
1426 4027 1496 4069 enm
1531 4007 1631 4069 adhue
1664 4007 1745 4071 6666

393 4109 567 4190 Borghesio
587 4113 625 4183 Ia·
647 4113 785 4184 caecilio
806 4115 846 4194 Q.
867 4116 890 4176 l.
911 4111 1037 4178 Metello
1057 4111 1177 4174 eonsuli
1199 4112 1383 4190 etquidem,
1413 4129 1483 4172 eum
1500 4109 1590 4172 huius
1611 4111 1745 4172 nominis
1872 4097 1873 4146 i

397 4211 476 4275 dnos
498 4217 643 4278 eonsules
665 4218 737 4280 susti
759 4219 924 4279 exhibeant
937 4237 965 4279 a
980 4226 1013 4278 et
1026 4213 1090 4276 612
1102 4225 1134 4276 et
1147 4214 1220 4287 637,
1241 4213 1349 4276 luorum
1363 4211 1538 4292 posteriori.
1579 4211 1647 4273 Iam
1663 4229 1748 4288 uero,
1872 4227 1873 4260 l

392 4332 462 4375 euna
488 4317 540 4377 uia
565 4319 642 4380 lraee
670 4329 732 4382 tam
758 4340 779 4382 e
803 4338 931 4382 censore
961 4319 1045 4380 redei
1071 4317 1206 4396 potuerit
1230 4335 1324 4394 quam
1351 4334 1374 4376 a
1396 4315 1542 4390 eonsulo,
1576 4312 1650 4375 item
1675 4311 1745 4377 ut
1872 4349 1873 4352 =

391 4419 460 4494 pori
479 4420 546 4480 iuro
567 4429 597 4481 et
618 4421 701 4500 [uo]a.
724 4421 859 4502 suppleri
881 4422 980 4500 possit
994 4431 1025 4482 et
1046 4420 1157 4499 [usu]e,
1181 4438 1261 4480 nune
1275 4427 1374 4480 autem
1396 4417 1579 4497 petulantum
1600 4417 1643 4478 sit
1662 4416 1745 4478 viam

392 4517 544 4581 Salsu-iam
566 4527 767 4585 iustuuuntem
789 4542 858 4586 esse
879 4525 924 4603 [io
946 4523 1082 4602 eeusu]ro
1106 4521 1228 4594 Caecili,
1251 4520 1374 4582 omniuo
1394 4519 1560 4594 uidendum
1580 4525 1645 4600 eat,
1673 4535 1747 4580 num

388 4621 471 4681 torte
492 4621 646 4684 Caecilius
682 4627 731 4688 isio
763 4627 791 4688 is
826 4628 894 4706 ipse
923 4627 973 4701 sit,
1009 4627 1096 4687 euius
1124 4642 1234 4686 nomen
1265 4624 1355 4702 eipp'n
1390 4621 1436 4682 iili
1472 4621 1651 4700 inscriptum
1686 4626 1745 4681 est.

390 4721 433 4781 lit
446 4741 588 4788 moseres
610 4727 732 4806 quidem
747 4727 898 4792 (lneeilios
914 4729 986 4790 insti
1002 4729 1148 4789 exhibent
1165 4721 1313 4806 quinque,
1331 4745 1358 4786 a.
1375 4723 1435 4784 623
1455 4713 1665 4800 Q.lietellum
1676 4719 1745 4783 lia·

388 4825 576 4901 sedoniuum,
599 4847 627 4890 6.
655 4830 716 4891 634
745 4831 785 4908 Q.
807 4830 965 4894 Metellum
988 4831 1192 4902 Baliaricum,
1225 4848 1253 4889 e.
1282 4827 1343 4894 669
1365 4825 1404 4887 L.
1426 4824 1601 4900 Metellum,
1630 4842 1658 4885 a.
1682 4821 1745 4886 662

391 4925 432 5002 Q.
454 4927 610 4991 Metellum
625 4930 821 4995 Numidicum
845 4943 877 4992 et
898 4931 934 4994 C.
949 4933 1105 4994 Metellum
1121 4919 1448 5010 caprariumquibns
1470 4928 1600 5007 singulis
1621 4927 1653 4988 in
1674 4943 1744 4988 anm

389 5047 480 5104 quem
509 5031 628 5096 edimus
656 5033 775 5098 titulum
805 5035 886 5096 idem
913 5036 962 5096 ins
988 5047 1051 5108 eat,
1077 5033 1138 5094 nisi
1160 5033 1239 5093 forte
1262 5031 1380 5092 dnobus
1401 5029 1534 5092 Metellis
1556 5033 1592 5092 in
1618 5043 1744 5089 sensura
1872 5075 1873 5110 3

388 5131 515 5210 collegis
537 5134 596 5196 hoe
622 5138 742 5208 obstet,
775 5137 855 5215 quod
878 5135 909 5196 in
928 5138 1036 5196 horum
1059 5136 1156 5207 altero
1179 5147 1247 5195 utro
1275 5133 1400 5198 omissio
1421 5130 1627 5213 praenominis
1652 5131 1743 5190 etium

383 5233 488 5311 ⁸megia
514 5235 649 5300 offendit.
695 5235 755 5304 666
783 5241 890 5320 eippus
918 5239 1068 5302 milies-ius
1098 5238 1354 5304 Sanutomeranus
1387 5236 1417 5301 si
1443 5235 1578 5301 66666666
1605 5232 1745 5296 sensoria·
1872 5259 1873 5288 r
