3794 5850
427 528 475 601 22
1020 548 1161 602 naman

424 733 539 784 eertum
564 729 612 784 eat
635 721 776 784 indicium
804 722 852 782 hic
876 731 977 783 tamen
1003 739 1064 781 uon
1085 714 1158 782 casu
1180 721 1291 782 iactum
1314 739 1382 784 esee
1402 723 1531 784 ridetur.
1575 719 1759 803 Deest'qui-

425 824 546 886 demin
567 823 632 886 cod.
654 823 753 884 Palat.
774 823 820 884 tit.
836 813 972 898 XXVII,
994 823 1048 884 sed
1069 841 1137 884 cum
1159 823 1196 884 de
1218 824 1266 884 his
1288 826 1479 901 potissimum
1501 825 1677 905 accipienda
1697 827 1760 888 sint
1884 879 1885 902 ff

426 927 519 988 verba
536 923 589 988 ‘ad
610 926 755 987 circulare
776 945 976 986 marmoreum
999 920 1130 1004 epistile’
1152 942 1190 971 -’
1218 925 1249 985 id
1270 927 1352 1004 quod
1374 929 1560 988 demonstrat
1580 929 1760 990 circulorum
1884 929 1885 932 ’

427 1029 588 1092 delineatio
609 1015 726 1089 adiecta
745 1061 786 1072 -
808 1029 954 1088 omissum
975 1045 1045 1090 esee
1066 1035 1150 1106 patet
1170 1045 1253 1088 mero
1274 1047 1384 1089 errore.
1424 1029 1530 1090 Titulo
1543 1029 1654 1092 XXVI
1674 1050 1759 1108 prae·

426 1131 506 1193 cedit
525 1131 557 1192 in
578 1131 644 1192 cod.
665 1129 733 1191 Pal.
754 1131 865 1191 lemma
882 1126 978 1190 ‘aliud
1000 1125 1202 1222 epigramma'
1237 1129 1382 1210 Epistylii
1405 1149 1474 1192 esee
1487 1131 1607 1192 titulum
1622 1133 1760 1208 XXVII,
1884 1173 1885 1212 3

429 1236 490 1294 veri
513 1223 699 1296 elmillimum
721 1241 782 1304 est;
804 1235 862 1292 hoc
887 1241 987 1294 nmen
1007 1233 1188 1304 notandum,
1202 1227 1251 1316 de
1273 1233 1447 1311 Aesculapii
1474 1243 1506 1294 et
1526 1233 1644 1294 Dianae
1665 1236 1762 1296 Ther·

426 1337 506 1397 miae
526 1335 639 1416 templo
660 1336 862 1428 coniecturum
883 1335 969 1395 illum
990 1335 1128 1414 quisquis
1149 1343 1197 1400 est
1216 1333 1326 1396 iecisse
1347 1355 1387 1396 ex
1407 1335 1483 1413 ipsis
1497 1335 1653 1408 titulorum
1666 1337 1761 1399 XXV
1884 1383 1885 1392 ,

429 1449 459 1500 et
481 1437 591 1499 XXVI
613 1437 713 1498 verbis
734 1436 888 1508 haustam,
916 1455 1041 1514 eamque
1061 1435 1267 1498 falsissimam.
1310 1437 1408 1498 Immo
1430 1434 1572 1532 templi¹)
1593 1441 1762 1501 consecrati
1884 1487 1885 1518 p

428 1541 519 1610 index
539 1539 683 1618 epistylio
703 1538 874 1616 insculptus
894 1547 942 1598 eat
958 1527 1170 1624 Αὐτοκράτορος
1190 1528 1253 1596 &iu
1270 1557 1284 1598 ⁴.
1295 1580 1304 1598 .
1317 1579 1325 1599 .
1338 1581 1367 1614 r.
1388 1529 1437 1598 uui
1449 1530 1631 1602 'Arduum
1644 1535 1762 1626 Θιρμῖω,
1884 1583 1885 1630 p

430 1643 509 1703 sicut
534 1643 565 1702 in
586 1641 708 1722 Mylasii
733 1640 836 1720 templi
863 1641 1002 1720 epistylio
1029 1640 1175 1719 scriptum
1201 1632 1259 1700 luit
1279 1631 1470 1724 Αὐτοκράτορι
1494 1632 1614 1728 Καίσαρι
1640 1651 1699 1704 cet.
1720 1677 1762 1689 -

428 1736 477 1804 nai
498 1740 563 1817 9ιᾷ
580 1733 688 1822 Ῥώμῃ.
709 1761 770 1822 quo
791 1743 931 1820 exemplo
954 1742 1043 1803 simul
1065 1741 1207 1804 Caesaris
1228 1761 1337 1803 nomen
1358 1743 1407 1802 dei
1429 1744 1542 1804 nomini
1562 1746 1762 1824 praemissum

430 1856 602 1909 excusatur.
644 1844 744 1932 Doleo
770 1845 852 1922 quod
872 1834 1024 1905 nescimus
1044 1863 1204 1923 quemnam
1224 1845 1439 1925 imperatorum
1461 1836 1763 1924 ApoIIIni'Thermio

431 1949 681 2028 Mytilenaeorum
707 1947 804 2026 pietas
829 1947 1062 2021 consociaverit3
1088 1937 1209 2030 N[a'pecu
1230 1937 1359 2032 Tpoeuiow
1381 1955 1515 2008 secutum
1538 1966 1605 2008 esse
1625 1948 1763 2010 Henneni

432 2061 480 2112 eet
499 2051 680 2110 coniectura.
716 2047 807 2110 Certo
829 2049 867 2109 ad
889 2049 973 2128 ipsas
987 2049 1137 2110 Thermae
1158 2049 1288 2126 pertinet
1309 2049 1413 2110 titulus
1428 2047 1548 2122 XXVI,
1568 2069 1628 2129 quo
1649 2051 1718 2112 fons
1733 2061 1765 2112 et

432 2152 636 2232 aquaeductus
650 2151 768 2212 Dianae
783 2150 944 2212 Thermiae
965 2152 1092 2224 dicatur,
1108 2149 1272 2212 Cenchreis
1286 2149 1401 2212 Lesbia
1421 2154 1552 2230 quadam
1573 2152 1612 2212 ab
1632 2155 1707 2234 urhe
1722 2187 1764 2199 -·

432 2255 564 2316 eiusdem
585 2254 715 2317 nominis
736 2252 878 2330 oppidum
899 2254 933 2312 in
954 2251 1074 2314 Troade
1094 2253 1190 2314 fuisse
1212 2253 1337 2314 adnotat
1350 2253 1475 2314 Boeckh
1497 2255 1548 2332 qui
1569 2255 1665 2314 edidit
1686 2254 1721 2316 O.
1736 2256 1763 2316 1.

434 2357 515 2417 2172
539 2389 576 2400 -
600 2355 817 2434 adhlytileneu
839 2373 935 2430 usque
957 2355 1124 2432 perductus.
1155 2355 1424 2418 DedicatorDitaa
1446 2357 1568 2434 quidam
1589 2357 1687 2418 luxisse
1701 2377 1764 2417 cre·

432 2461 525 2531 ditur,
553 2459 642 2520 bomo
669 2456 759 2535 plane
784 2452 992 2534 portentoeus‚
1019 2477 1074 2518 uec
1099 2457 1195 2537 patris
1222 2477 1277 2517 uec
1302 2459 1558 2536 patriaenomine
1580 2457 1682 2519 addito
1703 2479 1764 2520 uno

435 2563 554 2624 nomine
587 2579 682 2638 eoque
712 2560 816 2638 ignoto
845 2567 1012 2626 contentus.
1061 2557 1176 2620 Nescio
1204 2560 1276 2636 quid
1304 2561 1492 2637 corruptelae
1519 2561 1613 2621 lateat
1638 2569 1669 2621 et
1696 2581 1764 2622 curn

433 2663 536 2724 eadem
564 2663 656 2724 verba
678 2652 819 2745 Ἀρτέμιδι
846 2649 955 2738 ιῡακὸῳ
982 2653 1072 2723 alm
1099 2661 1189 2721 etiam
1218 2679 1312 2742 supra
1337 2661 1370 2720 iu
1396 2662 1486 2722 titulo
1507 2662 1588 2722 XXI
1615 2664 1765 2742 legantur,

435 2765 632 2828 coniectando
659 2763 804 2825 abstineo.
828 2795 866 2808 -·
897 2760 1046 2824 Videntur
1067 2765 1181 2842 scripte
1200 2764 1275 2824 haec
1295 2763 1392 2826 fuisse
1413 2782 1474 2842 quo
1494 2765 1563 2825 loco
1585 2783 1666 2844 aqua
1686 2764 1765 2832 Ceu·
1884 2815 1885 2828 ,

433 2869 531 2929 chreia
552 2867 679 2928 deducte
699 2868 731 2926 in
753 2866 949 2926 Thermarum
971 2866 1088 2926 alveum
1111 2883 1144 2925 ee
1164 2865 1345 2927 effundebat

519 2969 658 3049 Denique
678 2969 724 3032 tit.
739 2967 834 3028 XXV
848 2967 924 3027 mire
945 2978 1103 3045 corruptus
1124 2967 1252 3027 traditur
1272 2968 1303 3028 in
1319 2969 1494 3048 apographo
1509 2969 1655 3062 Pariana,
1676 2970 1765 3031 inter-

434 3073 555 3152 polatus
577 3073 652 3134 eden
673 3071 706 3134 in
727 3071 793 3132 cod.
816 3069 882 3131 Pal.
904 3071 984 3130 hune
1005 3070 1037 3129 iu
1057 3068 1194 3129 modum:

865 3249 1126 3304 caucasea-rou
1142 3227 1272 3305 reeVa·
1286 3251 1349 3306 ota

867 3329 1308 3408 reueozTu·anrueor

867 3451 1137 3508 transumunt
1154 3433 1292 3509 ιεΡεΥῑ
1403 3489 1404 3492 a

866 3553 1168 3611 etaeruueaeuoux

437 3729 488 3790 ubi
508 3746 538 3789 v.
555 3728 574 3786 4
594 3735 675 3788 recte
689 3723 801 3788 Gruter
823 3745 863 3786 ex
885 3727 950 3788 cod.
966 3715 1103 3791 caedua
1122 3726 1225 3788 edidit.
1267 3726 1391 3788 Boeckh
1414 3725 1448 3788 0.
1465 3726 1489 3788 I.
1505 3725 1587 3789 2194
1609 3727 1769 3800 Niebuhrii

437 3829 612 3911 apographo
641 3829 730 3901 fisus,
761 3829 814 3906 qui
841 3819 966 3894 Δι’σβιος
993 3827 1071 3888 male
1098 3829 1231 3907 legerat,
1260 3829 1398 3890 lacunam
1426 3829 1600 3908 descripsit:
1632 3824 1683 3890 tut
1709 3825 1768 3900 βίω

438 3933 451 4011 [
452 3974 542 3996 .....
543 3931 557 4009 ]
579 3921 719 4005 uiaticum
741 3930 773 3991 in
794 3930 989 3991 adnotatione
1010 3939 1109 3990 tamen
1122 3923 1260 3996 umidior
1280 3932 1438 3992 lectionem
1460 3951 1535 4021 eauo
1553 3933 1666 3994 iudicio
1684 3952 1770 4012 prae-

438 4035 516 4096 tulit.
556 4033 642 4094 Idem
667 4033 767 4094 venui
793 4033 890 4110 primo
915 4033 1121 4092 violentiorem
1148 4033 1294 4094 medelam
1321 4033 1472 4094 adhibuit:
1502 4026 1771 4120 παν[ηγυριάρχα]ς
1884 4059 1885 4092 r

438 4127 486 4197 aui
508 4125 604 4222 tapetia.
648 4133 713 4228 lieo
740 4136 846 4196 mirum
873 4134 954 4212 quod
979 4134 1057 4194 male
1079 4134 1189 4195 tradita
1209 4134 1344 4196 fraudem
1365 4137 1393 4196 ei
1414 4136 1558 4197 fecerunt.
1600 4137 1771 4216 integriora

440 4245 575 4319 praestat
595 4239 801 4316 apographum
817 4237 999 4298 Fauianum:
1023 4240 1383 4310 ΟΜΑΣΚΑΙΠΑΝΙΡΕΥΣ,
1405 4256 1532 4315 quorum
1554 4241 1692 4316 quamvis
1710 4259 1770 4300 non
1884 4223 1885 4288 ἒ

440 4340 581 4402 omuibus
605 4340 738 4400 numeris
763 4349 845 4400 certa
865 4341 1023 4417 contigerit
1043 4339 1209 4412 restitutio,
1237 4348 1336 4398 tamen
1358 4350 1437 4400 recte
1457 4340 1530 4400 mihi
1552 4340 1655 4401 videor
1674 4343 1769 4401 homi·

440 4443 488 4504 nis
509 4461 619 4504 nomen
639 4441 809 4520 agnovisse.
845 4441 979 4502 Litteras
1000 4443 1080 4504 enim
1102 4421 1282 4500 uriarum
1305 4442 1337 4501 in
1359 4445 1589 4500 uzuauuuua
1611 4443 1770 4503 mutuum
1884 4421 1885 4512 ἶ

441 4562 548 4607 censeo
576 4544 605 4603 h.
625 4563 651 4605 e.
670 4533 917 4622 Ἀσκλ[α]πια’δα;
940 4553 1015 4623 post
1041 4548 1062 4602 Α
1089 4543 1177 4604 iacile
1204 4548 1226 4602 Λ
1253 4543 1353 4617 littera
1378 4543 1554 4606 intercidere
1579 4545 1686 4623 potuit.
1729 4541 1772 4606 Et

441 4649 498 4708 hoc
525 4645 643 4727 quidem
669 4645 765 4722 patris
791 4664 897 4706 nornen
923 4655 986 4720 est,
1012 4645 1060 4706 cui
1085 4645 1284 4723 praecedebat
1307 4645 1403 4724 ipsius
1426 4647 1589 4708 sacerdotis
1609 4667 1717 4709 nomeu
1738 4649 1770 4706 iu

441 4733 521 4828 ᾗῇ]
543 4747 888 4812 desInens.-hlemineris
909 4737 1080 4826 duleys'vcoe
1102 4747 1239 4834 Asclepii
1261 4747 1357 4810 luisse
1378 4749 1579 4823 sacerdotem,
1604 4750 1697 4827 igitur
1718 4767 1767 4827 pa
1884 4765 1885 4820 ι

521 5054 545 5119 ¹)
574 5054 604 5109 Sl
623 5054 727 5138 quidem
744 5054 796 5106 luit
813 5053 912 5120 templi,
931 5069 985 5106 non
1002 5054 1117 5120 Ipsorum
1136 5051 1288 5107 halueoruru
1306 5053 1415 5106 alicuius
1433 5053 1515 5120 parda
1526 5054 1686 5120 epiatyham
1705 5053 1773 5104 sicut

442 5149 471 5201 in
495 5149 571 5198 tituto
589 5146 703 5214 Ephesio
722 5147 793 5200 0.1.
811 5148 842 5200 h.
861 5144 912 5210 111,
932 5147 986 5198 424
1010 5146 1186 5212 aquaeductus
1209 5145 1315 5198 Deauae
1333 5145 1462 5212 Ephesiae
1485 5153 1512 5196 et
1535 5147 1596 5213 imp.
1616 5145 1722 5198 oanan
1741 5155 1772 5210 at

443 5241 486 5293 tr.
506 5240 612 5293 Caesari
631 5243 701 5306 Aug.
719 5240 738 5291 f.
758 5247 784 5291 et
802 5239 899 5292 civitati
919 5238 1014 5306 aptae.
1033 5238 1142 5291 dicatur.
