3848 5850
219 2239 797 2356 COMMENTATIONES
863 2241 1332 2358 EPIGEAPHIEAE
1396 2237 1571 2356 TEES.

880 2701 910 2776 Ι.

321 2935 391 3010 DE
424 2933 611 3012 TITVLO
644 2933 950 3012 SEPVLCEALI
983 2933 1112 3012 0800
1145 2932 1467 3012 LVGANORVM.

220 3183 369 3347 Nuper
391 3269 451 3328 Th.
473 3271 642 3331 Mommsen
669 3289 784 3330 mecum
807 3269 1043 3332 communicavit
1064 3271 1126 3330 duo
1147 3269 1353 3348 inscriptionis
1376 3269 1479 3330 Oscae
1500 3287 1574 3347 spo-

219 3371 335 3447 graplra
348 3372 460 3432 litteris
475 3371 603 3432 Graecis
619 3382 793 3451 conceptae,
815 3391 894 3449 quac
909 3373 1043 3452 repperit
1064 3373 1094 3430 in
1114 3371 1263 3433 Mondalli
1283 3371 1358 3430 libro
1378 3373 1414 3430 da
1435 3371 1572 3432 Moenia

218 3491 305 3530 mann
330 3477 440 3549 scripto
469 3475 655 3534 bibliothecae
681 3475 913 3551 Neapolitanae,
950 3493 969 3532 a
991 3475 1112 3533 nemine
1138 3493 1260 3548 eorum,
1286 3476 1338 3552 qui
1369 3475 1573 3534 monumentis

219 3573 341 3652 linguae
354 3575 456 3636 Oscae
474 3577 654 3654 colligendis
673 3586 766 3654 atquc
784 3575 1020 3655 interpretandis
1034 3595 1158 3655 operam
1169 3577 1326 3649 dederunt,
1341 3577 1497 3654 hucusque
1512 3597 1573 3637 me-

220 3687 338 3736 morata
352 3678 399 3737 vel
415 3679 445 3738 in
466 3678 564 3738 locem
582 3690 747 3755 protracta.
791 3677 871 3738 Turn
894 3665 987 3740 etiam
1009 3699 1028 3738 a
1050 3677 1090 3739 G.
1114 3677 1152 3738 de
1175 3679 1268 3738 Petra
1283 3678 1489 3756 Neapolitano
1508 3679 1575 3741 viro

219 3779 399 3840 doctissimo
414 3779 517 3858 accepi
538 3781 686 3860 imagines
701 3779 846 3840 Mandelli
862 3781 1108 3858 apographorum
1120 3792 1215 3841 ecarta
1230 3780 1382 3858 pellucido
1394 3781 1573 3842 delineatae.

220 3881 366 3943 Mandelli
396 3883 489 3960 igitur
514 3882 546 3942 in
573 3901 646 3960 agro
673 3882 778 3962 oppidi
805 3881 907 3941 Dione
929 3881 1085 3941 Lucaniae
1112 3899 1208 3960 prope
1229 3884 1341 3942 fontem
1371 3882 1403 3942 S.
1428 3882 1577 3944 Giocanna'

221 3981 336 4044 invenit
350 3985 492 4063 lapidem,
515 4001 604 4060 queen
626 3984 676 4044 hia
698 3984 799 4044 verbis
814 3985 973 4057 describit,
1002 3985 1063 4044 Vct
1081 3985 1107 4056 Ι,
1125 4005 1158 4062 p.
1177 3985 1228 4044 91.
1252 3980 1345 4061 „Non
1367 3987 1445 4045 deuo
1466 3985 1575 4046 tralas·

222 4087 303 4146 eiare
325 4081 356 4146 di
378 4087 430 4163 qui
454 4088 634 4146 trascrirere
654 4087 675 4146 l'
689 4087 858 4150 iacrittionc
878 4086 908 4145 d'
925 4108 965 4146 un
988 4106 1114 4159 ruarmo,
1137 4087 1193 4146 chc
1214 4087 1265 4146 nal
1285 4087 1378 4166 piano
1400 4089 1481 4148 della
1501 4088 1575 4147 cittis

221 4187 252 4247 di
266 4187 369 4248 Diano
384 4189 446 4246 mie
465 4190 566 4266 patria
580 4189 605 4248 si
628 4191 749 4250 ritrora.
794 4187 912 4265 Questo
929 4205 1044 4248 marmo
1060 4199 1175 4250 mostra
1189 4207 1250 4248 non
1264 4207 1367 4249 essere
1382 4191 1509 4265 entiern,
1525 4209 1576 4250 ma

220 4309 260 4348 nn
278 4309 370 4366 pecco
386 4291 416 4350 di
431 4311 548 4350 marma
564 4293 726 4370 maggiorc.
749 4292 818 4371 Egli
834 4293 851 4353 d
866 4292 896 4351 di
912 4291 1081 4370 lungheaza
1094 4292 1175 4352 circa
1189 4299 1235 4352 tre
1250 4291 1352 4369 palmi,
1367 4293 1397 4351 di
1413 4293 1575 4372 largheaaa

223 4392 344 4452 intorno
367 4391 394 4451 a'
410 4394 479 4464 duc,
503 4395 647 4470 semplicc
669 4413 686 4454 a
706 4413 808 4465 roszo,
837 4395 920 4454 nelle
942 4395 973 4454 di
993 4395 1043 4454 cui
1065 4401 1151 4471 parte
1173 4394 1267 4472 piena
1288 4395 1316 4454 si
1337 4393 1454 4454 ritrova
1473 4395 1577 4473 quella

221 4493 389 4556 iscrittione
415 4497 455 4555 da
479 4515 529 4556 ma
554 4515 611 4556 con
639 4495 792 4576 diligente
816 4497 932 4576 grande
957 4496 1109 4573 ricopiata
1135 4497 1314 4574 conquesti
1342 4498 1482 4555 caratteri
1511 4499 1575 4556 cosi

223 4595 373 4657 diffamati
401 4598 448 4658 lra
475 4599 506 4658 di
535 4597 604 4658 loro
633 4599 664 4658 in
690 4597 862 4676 grandaeua
882 4599 961 4660 eto.“
1005 4597 1170 4658 Praeterea
1192 4597 1337 4658 Mandelli
1363 4608 1481 4671 narrat,
1505 4615 1574 4660 cum

223 4699 279 4758 riri
302 4699 426 4776 quidam
449 4697 570 4760 Graece
597 4700 678 4760 docti
700 4701 768 4760 viso
789 4701 967 4780 apographo
991 4701 1184 4764 dubitassent
1210 4701 1247 4760 de
1268 4699 1373 4760 litters
1393 4717 1408 4760 t
1428 4719 1448 4760 a
1468 4718 1502 4763 ac
1525 4701 1576 4762 de·

222 4799 347 4874 lineata,
369 4801 493 4880 eiusque
517 4803 585 4862 loco
606 4802 806 4868 coniecissent
826 4817 843 4862 r
864 4803 897 4862 iu
919 4803 1022 4880 lapide
1044 4803 1190 4880 scriptum
1212 4819 1291 4876 essa,
1319 4820 1353 4862 ac
1376 4802 1456 4863 hunc
1476 4803 1575 4864 denuo

224 4905 418 4966 examinasse
440 4914 534 4982 atquc
554 4905 706 4964 invenisse
727 4923 836 4964 revere
856 4906 900 4966 ibi
920 4921 934 4963 t
955 4913 1113 4964 exaratum
1136 4922 1206 4965 enac
1227 4904 1263 4981 (l.
1279 4905 1329 4979 c).

307 5005 453 5066 Mandelli
476 5025 547 5066 vero
569 5007 602 5066 in
624 5005 702 5066 libro
724 5025 781 5067 auo
802 5010 851 5068 bis
874 5007 977 5086 posuit
998 5005 1119 5066 titulum
1142 5006 1251 5066 littaris
1274 5007 1314 5066 ad
1335 5006 1447 5085 lapidis
1471 5007 1578 5068 simili·

224 5109 361 5168 tudinem
383 5107 554 5181 delineatio,
581 5109 712 5188 primunr
735 5108 804 5168 loco
825 5116 932 5170 notato
952 5108 1045 5188 primi
1065 5108 1242 5184 voluminis,
1264 5109 1373 5168 iterum
1396 5109 1427 5168 in
1448 5109 1509 5170 linc
1530 5127 1578 5170 aa·

223 5210 315 5270 cundi
330 5212 505 5286 voluminis,
527 5221 690 5291 postquam
713 5212 785 5274 data
805 5232 901 5292 opera
921 5213 1131 5290 apographum
1155 5229 1243 5274 suurn
1267 5231 1334 5272 cnm
1356 5229 1509 5272 marmore
1525 5211 1578 5271 de·

221 5329 283 5372 nuo
304 5313 443 5374 contulit.

1331 5417 1365 5476 ll
