3812 5856
178 611 313 670 ruo-rar·
653 617 846 670 PANNon'ls
866 617 1052 669 murmur.
1449 599 1520 669 397

181 787 251 848 ²59
275 788 348 863 (ins.
363 797 436 866 post
450 807 478 846 n.
492 778 589 864 3706)
611 789 717 848 Budas
738 809 801 867 rep.
819 792 893 848 dana
914 790 940 847 ie
958 791 1085 849 eiuratier
1101 793 1141 849 du
1157 791 1308 848 Miaiatire
1324 792 1374 849 des
1383 793 1522 867 flaunaea.

220 890 288 949 lam
309 889 428 950 Pastini
449 892 480 948 in
503 909 618 950 mnaso.

720 1151 935 1204 imneAES

720 1265 749 1296 na
781 1254 1013 1297 tatt’ttttti’

719 1355 1014 1409 puan.s.th1CTVS

722 1395 1008 1540 ω

181 1665 304 1744 Contuli
325 1692 357 1743 et
377 1683 544 1742 emendavi.
590 1681 770 1758 DesJ'ardins
792 1693 822 1740 n.
842 1684 901 1742 110
924 1683 969 1742 aie
992 1684 1073 1743 dedit
1094 1685 1323 1762 interpolatam:
1354 1699 1407 1741 rur
1422 1683 1427 1760 Ι
1440 1679 1523 1763 cassi

178 1783 494 1864 amarmurmulus.
510 1782 832 1866 mutcrvsmlponeu.
848 1803 990 1858 maxumus,
1012 1805 1080 1844 cum
1104 1787 1144 1846 sit
1166 1789 1374 1847 sinistrorsum
1397 1786 1524 1862 integra.

180 1885 310 1956 Versum
333 1889 462 1966 primum
486 1887 698 1963 Dssjardiniua
721 1899 909 1946 commentus
932 1899 981 1948 est
1001 1897 1105 1948 totum.

182 2135 255 2196 760
279 2137 350 2213 (ins.
373 2147 445 2215 post
466 2158 494 2196 n.
512 2138 609 2214 3711)
638 2159 700 2216 rep.
729 2138 912 2198 Promontor
937 2150 1021 2199 anter
1046 2141 1109 2198 dem
1136 2141 1211 2200 alten
1240 2139 1524 2216 Prooiuntmuqazin.

221 2240 280 2299 Eat
301 2241 331 2298 in
353 2258 459 2300 museo
480 2240 664 2301 Pastinensi.
681 2274 722 2286 -
738 2241 818 2300 Huic
840 2243 929 2302 titulo
956 2255 1064 2318 postea
1090 2245 1315 2320 superscriptus
1339 2257 1385 2301 est
1407 2245 1457 2320 qui
1480 2261 1525 2301 sa·

221 2342 332 2418 quitur.-

700 2566 753 2609 mr
775 2537 851 2610 c'aes

615 2667 705 2712 caro
720 2667 825 2710 vrato
845 2667 1089 2713 rnesousaao

614 2768 718 2813 nanno
732 2771 746 2810 r
760 2769 850 2814 ravo
863 2769 948 2813 noar
961 2769 1087 2814 sarran

615 2871 683 2914 rara
705 2869 822 2916 rornsr
844 2871 881 2914 er

615 2975 686 3028 rap
708 2971 813 3018 cass
836 2973 946 3018 uero
969 2975 1089 3018 vraro

615 3047 791 3119 astuto*
815 3079 917 3131 putto
950 3083 1090 3124 aeidum

614 3175 733 3220 ΝΙΑΝΟ
771 3180 935 3225 Volusiano
968 3185 1018 3236 uio
1046 3184 1091 3234 sat

614 3278 791 3323 ttuvtcuo
822 3295 872 3335 auu.
896 3295 921 3337 p.
948 3297 976 3327 m.
1005 3289 1032 3328 tr.
1051 3291 1092 3338 pot

597 3379 755 3452 Atel·

182 3631 307 3694 Contuli
328 3643 358 3693 et
380 3636 548 3695 emendavi.
591 3635 648 3696 Ed.
672 3635 785 3696 Romen
807 3658 836 3697 n.
854 3639 924 3698 364.

225 3735 335 3796 Gallus
362 3757 428 3797 oum
457 3738 621 3816 imperator
647 3739 745 3798 santus
772 3741 812 3798 sit
837 3760 864 3797 a.
889 3739 966 3812 251,
993 3741 1099 3800 consul
1127 3740 1298 3799 ordinarius
1325 3759 1353 3798 a.
1377 3739 1524 3817 sequenti,

180 3839 358 3899 consulatus
379 3859 440 3898 non
462 3840 631 3918 adscriptus
654 3843 733 3901 huno
756 3843 874 3901 titulum
894 3862 974 3902 anno
996 3843 1089 3919 priori
1114 3843 1273 3920 adsignare
1291 3841 1420 3912 videtum
1445 3841 1525 3918 quod

181 3941 207 3999 ai
234 3941 277 3999 ita
302 3950 355 4015 ast,
383 3942 464 4002 iilius
491 3942 678 4003 Volusianus
708 3963 768 4004 non
795 3963 823 4004 a.
846 3945 966 4004 demum
990 3944 1051 4006 252
1073 3947 1231 4024 Augustus
1259 3953 1378 4004 oreatus
1407 3945 1448 4002 sit
1473 3962 1526 4000 na·

182 4059 268 4102 cesse
291 4053 347 4118 est,
371 4044 424 4102 aad
446 4063 474 4102 e.
498 4043 556 4103 tol
583 4054 721 4114 exeunte,
743 4065 799 4107 neo
823 4047 919 4120 video,
943 4046 1054 4124 quibus
1077 4047 1264 4124 argumentis
1286 4047 1317 4104 id
1339 4045 1503 4104 refallatur.

183 4291 247 4352 sot
270 4291 494 4372 superscriptus
515 4293 608 4354 titulo
630 4295 658 4352 ai
679 4297 732 4372 qui
754 4295 916 4372 praeeedit.

785 4539 795 4596 Ι
802 4539 812 4595 Ι
819 4539 828 4596 Ι
835 4539 888 4596 ia!
894 4539 904 4595 Ι
911 4538 920 4594 Ι

731 4653 765 4695 Fu
779 4654 839 4696 VAL
855 4654 973 4697 SEVERO
1130 4665 1151 4703 p.
1164 4653 1188 4694 0.
1201 4653 1293 4698 wilatis

759 4755 796 4796 ΕΤ
813 4756 872 4798 ΟΑΙ.
888 4756 947 4797 VM.

744 4869 788 4898 ma
798 4857 819 4899 Χ
830 4857 838 4898 Ι
851 4854 877 4898 Μ
888 4859 896 4900 1
908 4859 930 4900 N
943 4857 965 4901 0

181 5077 350 5158 Descripsi.
395 5077 621 5140 Commemorat
641 5079 755 5141 Romen
777 5101 806 5140 n.
823 5081 894 5139 364.

224 5178 354 5242 Severus
376 5191 406 5241 et
427 5182 613 5242 Maximinus
636 5202 703 5242 cunr
726 5183 817 5242 simui
839 5183 1043 5254 nominantur,
1066 5183 1261 5254 Caesaribus,
1289 5199 1347 5240 non
1377 5183 1524 5259 Augustis

180 5280 289 5344 titulus,
309 5283 426 5360 positus
448 5291 504 5343 eat.
