3850 5852
478 605 531 660 sc.
550 606 600 658 nu
618 605 801 660 uvnnrrus
819 606 961 660 ssuuvs
978 605 1201 664 ssovsasus.
1433 585 1508 659 283

212 787 243 840 et
268 779 449 860 [septunce
470 783 626 860 adsuerunt
650 782 770 863 repperi
795 781 912 842 litteras
938 781 1066 842 deficere
1088 800 1114 844 c.
1139 779 1193 857 12,
1219 781 1330 860 quibus
1356 779 1512 844 commode

210 884 361 944 inseretur
381 883 448 944 dies
470 885 540 943 idid.
565 883 679 944 Octobr.
701 884 751 944 vel
773 885 823 962 qui
846 885 924 943 alius
946 883 1013 944 tuit

169 985 221 1044 Ad
242 1003 269 1045 v.
285 985 315 1046 8.
358 985 422 1046 Vix
448 985 609 1064 quiequam
636 998 683 1048 est
710 986 743 1046 in
769 989 826 1046 hoo
849 986 1029 1046 documento
1051 987 1147 1066 magis
1167 986 1325 1047 insolitum
1347 995 1378 1046 et
1398 1001 1510 1046 novum

211 1107 300 1165 quam
324 1095 517 1166 quaestorum
540 1089 661 1148 uomina
681 1089 721 1148 ad
742 1105 810 1162 eos,
836 1089 889 1166 qui
915 1097 1038 1151 senatus
1061 1089 1199 1150 consulto
1219 1087 1435 1168 perscribendo
1457 1085 1512 1146 sd·

210 1189 362 1262 hibentur,
383 1189 536 1267 adscripta
555 1191 627 1266 loco
646 1198 792 1255 extremo.
833 1190 965 1252 Diversa
986 1209 1025 1250 ex
1046 1208 1141 1252 causa
1162 1201 1337 1270 quaestores
1359 1189 1511 1250 adhibitos

211 1309 279 1350 esse
306 1301 396 1369 atque
417 1293 524 1353 solitos
551 1303 673 1354 mustus
701 1291 907 1354 consultorum
932 1302 1026 1354 testes
1046 1293 1162 1354 indicat
1182 1303 1242 1352 tam
1264 1291 1436 1371 quaestoris
1458 1311 1512 1368 op-

210 1395 334 1472 pellatio
356 1394 475 1472 utrique
498 1395 613 1470 addito,
637 1415 704 1456 oum
727 1405 819 1458 testes
842 1397 921 1457 nude
943 1395 1184 1474 perscribantur,
1206 1415 1295 1474 quam
1318 1395 1399 1473 quod
1420 1413 1512 1472 qnae·

211 1503 277 1554 ator
297 1514 335 1555 ne
358 1507 479 1557 senator
500 1497 621 1575 quidem
644 1509 699 1574 est,
726 1517 793 1558 oum
816 1499 982 1575 quaestorii
1003 1497 1124 1558 demum
1145 1499 1337 1559 senatoribus
1358 1497 1512 1558 accedant.

209 1597 348 1659 Pertinet
366 1598 445 1673 huc,
472 1600 504 1658 ni
525 1600 633 1673 iallor,
660 1601 739 1678 quod
763 1601 869 1660 scribit
888 1600 951 1661 Dio
967 1602 1020 1674 54,
1038 1601 1076 1660 36
1099 1602 1286 1681 Augustum,
1313 1619 1381 1659 cum
1404 1599 1511 1658 aerarii

209 1718 311 1759 euram
333 1719 352 1760 a
373 1701 584 1780 quaestoribus
607 1704 730 1763 urbanis
752 1703 791 1762 ad
813 1704 892 1763 alios
909 1703 1105 1782 magistratus
1120 1703 1180 1762 iam
1196 1711 1286 1764 antea
1299 1701 1512 1774 transtulisset,

210 1822 238 1862 a.
260 1823 290 1862 u.
313 1821 338 1862 c.
360 1803 420 1864 743
450 1804 572 1864 sublata
600 1805 741 1864 aedilium
768 1806 1018 1883 tribunorumque
1046 1806 1083 1865 de
1112 1805 1169 1864 hac
1195 1824 1229 1865 re
1257 1813 1407 1884 potestate
1436 1803 1511 1864 solis

209 1905 424 1982 quaestoribus
451 1917 574 1966 senatus
600 1907 803 1968 consultorum
826 1927 929 1969 curam
950 1906 1140 1986 permisisse:
1168 1907 1226 1970 τοῖς
1246 1897 1360 1974 ταμίαις
1380 1901 1419 1964 ut
1441 1899 1513 1984 diq-

208 2028 289 2075 ματα
313 2003 353 2066 rui
379 1997 519 2067 iutimare
545 1999 702 2086 γιγνέμενα
729 2002 777 2068 διὰ
804 2005 1117 2087 maffaronis-Sat
1139 1997 1312 2082 ἐκελεύσθη.
1354 2007 1399 2070 Ut
1419 2008 1513 2086 igitur

211 2125 272 2186 quo
298 2115 434 2186 tempore
460 2119 637 2187 quaestores
661 2112 803 2190 pecunias
825 2113 962 2190 publicas
983 2121 1113 2172 mactare
1135 2111 1302 2188 desierunt,
1329 2129 1410 2178 eam,
1432 2128 1510 2187 quae

157 2233 160 2240 ⁴
208 2210 241 2268 iu
263 2223 387 2271 senatus
408 2213 558 2272 consultis
578 2213 776 2274 adservandis
800 2213 938 2288 vertitur,
966 2214 1075 2274 aerarii
1102 2214 1391 2274 administrationem
1413 2212 1510 2272 nihilo

209 2312 309 2376 miuus
330 2314 527 2388 retinuerunt,
548 2316 592 2376 ita
612 2325 847 2376 consentaneum
869 2325 916 2377 est
936 2318 973 2376 ab
996 2337 1023 2377 a.
1039 2317 1108 2376 inde
1125 2317 1184 2376 743
1206 2317 1265 2376 hoc
1282 2333 1403 2394 quoque
1416 2313 1510 2375 iutro·

209 2413 331 2475 ductum
352 2433 435 2490 esse,
462 2427 496 2476 ut
522 2417 692 2478 deferendis
713 2421 753 2478 ad
773 2419 858 2496 ipsos
885 2425 1009 2480 senatus
1035 2419 1181 2478 consultis
1208 2419 1298 2478 etiam
1321 2417 1511 2496 perscriben-

209 2516 257 2578 dis
287 2517 428 2578 densent
453 2519 634 2598 nominaque
661 2540 765 2581 eorum
787 2532 857 2600 post
878 2531 970 2582 testes
992 2521 1156 2582 sollemnes
1178 2520 1428 2581 adscriberentur.
1471 2519 1510 2579 Ei

209 2619 267 2678 soli
289 2621 411 2698 negotio
433 2631 531 2683 aetate
553 2623 749 2701 imperatoria
770 2633 948 2701 quaestores
970 2624 1236 2684 urbaniridentur
1258 2623 1425 2684 vacavisse.

167 2719 215 2780 Ad
240 2739 268 2781 v.
284 2721 312 2780 8.
330 2722 357 2781 9.
377 2724 424 2784 lo.
462 2723 539 2785 Cum
553 2722 768 2787 vetustioribus
795 2735 917 2787 senatus
939 2726 1085 2787 consultis
1102 2725 1252 2788 subscribi
1268 2724 1366 2786 soleat
1380 2725 1521 2785 vocabu.

210 2823 273 2882 lum
294 2843 437 2899 censuere,
459 2826 563 2888 addito
585 2837 684 2890 aetate
704 2828 899 2908 imperatoria
918 2829 1006 2907 (puto
1027 2847 1065 2889 ex
1086 2829 1301 2889 constitutione
1316 2829 1354 2887 ab
1368 2829 1509 2906 Augusto

207 2943 235 2984 a.
250 2944 280 2985 u.
296 2944 321 2985 c.
339 2927 399 2987 745
421 2928 499 3002 lata,
526 2927 563 2988 de
590 2949 651 3008 qua
677 2932 819 3009 exposuit
847 2929 908 2991 Dio
930 2931 1019 3003 53,3
1043 2931 1081 2990 ci.
1106 2931 1161 3004 54,
1178 2931 1239 3008 35)
1262 2941 1436 2992 senatorum
1457 2929 1510 3007 qui

208 3029 389 3089 sententiam
416 3030 454 3089 de
481 3049 518 3090 ea
543 3051 577 3092 rs
602 3031 744 3092 tulissent
769 3051 909 3106 numero,
936 3033 986 3093 hic
1008 3044 1042 3091 ut
1061 3051 1203 3094 numerus
1225 3034 1297 3093 item
1319 3033 1507 3106 adscribitur,

207 3130 252 3190 ita
278 3150 335 3209 pro
362 3131 443 3191 nudo
473 3135 616 3194 censendi
643 3135 789 3195 vocabulo
815 3135 945 3195 formula
976 3135 1101 3196 inducta
1130 3146 1176 3196 est
1206 3135 1335 3195 formam
1366 3132 1507 3196 censendi

207 3233 376 3294 accuratius
398 3225 558 3296 declarans¹
575 3236 721 3314 o(euotus)
743 3236 930 3313 domum)
948 3256 1005 3316 per
1025 3239 1227 3312 discessionem
1241 3240 1364 3313 sactum.
1406 3237 1443 3296 Id
1465 3235 1507 3295 si·

206 3333 317 3394 militer
337 3344 371 3395 ut
391 3335 421 3396 in
443 3341 475 3396 in
490 3349 611 3398 senatus
626 3339 765 3400 consulto
779 3341 994 3419 perscribenda
1009 3341 1225 3414 enuntiaretur,
1247 3348 1319 3418 post
1332 3342 1507 3418 Augustum
1531 3357 1533 3360 ·

206 3438 402 3498 constitutum
425 3441 466 3500 sit
486 3459 610 3502 necesse
632 3449 686 3502 est.
730 3441 868 3520 Utraque
890 3451 990 3502 autem
1012 3443 1168 3502 adnotatio
1189 3442 1338 3519 reperitur
1359 3441 1508 3502 translata

206 3555 245 3596 ex
266 3537 334 3598 loco
356 3549 491 3602 extremo
513 3544 545 3602 in
567 3544 665 3622 ipsum
687 3555 810 3604 senatus
832 3545 962 3604 consulti
985 3545 1175 3622 principium.

163 3639 216 3699 Ad
237 3660 266 3700 v.
283 3639 333 3702 25.
377 3641 478 3705 Verba
499 3655 593 3706 actum
615 3646 710 3705 idibus
730 3645 844 3707 Octobr.
867 3645 904 3706 P.
921 3647 1023 3707 Cossio
1044 3647 1176 3708 Ssetmdo
1191 3647 1236 3706 Μ.
1252 3645 1350 3706 Nonio
1365 3645 1505 3706 Muciano

206 3760 265 3801 non
293 3753 363 3803 sunt
392 3763 464 3822 pars
496 3756 619 3807 senatus
651 3749 796 3824 consulti,
829 3750 883 3810 sed
911 3749 1067 3808 exordium
1094 3748 1139 3810 ita
1163 3749 1355 3822 continuant,
1385 3758 1421 3809 ut
1447 3748 1506 3808 hoc

205 3843 375 3923 significent
407 3855 532 3910 senatus
567 3851 739 3910 consultum
771 3871 806 3911 ea
839 3851 888 3911 die
922 3851 1107 3928 descriptum
1143 3859 1175 3910 et
1205 3851 1391 3930 recognitum
1426 3869 1504 3911 esse.

204 3943 285 4006 Nam
314 3947 423 4009 similis
448 3949 581 4010 formula
605 3951 735 4012 reditio
759 3971 819 4012 uuo
841 3953 1101 4014 senatusconsulto
1123 3953 1219 4012 relato
1240 3954 1279 4014 ab
1301 3954 1433 4031 Iosepho
1455 3956 1503 4028 14,

207 4047 332 4124 10,10,
358 4050 412 4110 ubi
436 4061 508 4130 post
532 4051 633 4132 ipsum
661 4053 813 4115 decretum
839 4074 906 4116 oum
933 4055 1121 4134 praescripto
1144 4055 1193 4114 dis
1219 4055 1265 4114 Ill
1289 4055 1331 4116 id.
1354 4058 1429 4135 Apr.
1455 4073 1504 4116 se·

204 4159 336 4227 quantur
361 4139 453 4212 uerba
478 4155 568 4215 hacc:
594 4146 706 4233 islone
731 4151 785 4242 apo*
811 4147 890 4216 nim
916 4151 997 4216 εἰδῶν
1023 4149 1223 4242 Φιβρουαρῖων
1248 4155 1276 4214 iv
1301 4158 1344 4236 τῷ
1369 4158 1431 4235 ναῷ
1454 4159 1505 4229 τῆς

201 4245 350 4316 Ὁμονοίας
375 4257 551 4316 consulibus
577 4259 701 4319 omissis
724 4258 857 4321 fortasse
882 4260 972 4336 culpa
994 4259 1130 4339 losephi3
1156 4259 1325 4336 habentque
1346 4259 1421 4319 haec
1443 4259 1503 4318 duo

205 4358 469 4417 senatusconsulta
495 4360 562 4418 sola
589 4378 628 4419 ex
653 4359 695 4420 iis
709 4378 796 4438 ,quae
824 4369 989 4439 supersunt
1014 4361 1173 4420 exordium
1195 4360 1232 4420 de
1253 4359 1451 4421 describendo
1473 4370 1504 4420 et

203 4459 457 4533 recognoscendo.
502 4457 590 4520 Unde
617 4471 742 4540 apparet
769 4464 920 4524 eiusmodi
945 4463 1060 4523 dierum
1087 4463 1297 4522 adnotationes
1324 4482 1391 4522 oum
1414 4481 1503 4521 exor-

203 4554 263 4617 diis
290 4559 515 4637 coniungendas
541 4563 660 4640 esse1).
706 4563 848 4642 Denique
869 4567 1029 4628 exordium
1050 4566 1130 4626 diem
1151 4562 1374 4644 quodammodo
1401 4563 1503 4642 requi·
1542 4617 1544 4622 ,

202 4657 256 4730 rit3
278 4679 347 4720 uam
370 4663 549 4741 saepissime
570 4666 772 4726 instrumenta
792 4667 943 4746 descripte
957 4675 989 4726 et
1000 4669 1156 4746 recognita
1169 4667 1213 4728 ita
1227 4665 1445 4748 concipiuntur,
1468 4676 1503 4725 ut

202 4759 369 4838 exemplari
394 4763 542 4844 descripto
567 4751 772 4847 praeponatur
792 4769 951 4830 exordium
972 4771 1009 4831 de
1030 4769 1242 4844 describendo,
1267 4768 1415 4828 adiciatur
1435 4768 1501 4828 dies

161 4947 366 4963 mun—unam..

237 5096 260 5156 ¹)
288 5097 375 5149 Aliter
396 5099 431 5149 de
454 5097 513 5149 loeo
535 5098 642 5166 Iosephi
665 5099 791 5151 indiderit
809 5099 963 5153 lluehnerus
986 5103 1013 5154 iu
1038 5103 1225 5154 commentario
1250 5101 1283 5153 de
1307 5102 1372 5154 mur
1396 5110 1500 5156 sanatus

160 5203 186 5252 p.
206 5201 232 5252 q.
251 5187 284 5240 lt.
301 5207 328 5256 p.
344 5191 393 5254 1⁸3
411 5191 459 5241 sed
477 5191 632 5248 documento
650 5191 679 5242 lu
698 5191 793 5244 Africa
810 5201 913 5267 repertu
931 5195 1048 5262 quaestio
1068 5195 1156 5250 decisa
1174 5201 1220 5246 est
