3794 5850
395 563 443 635 28
988 571 1140 634 nusum

392 760 473 818 mina
499 775 558 818 non
584 755 707 836 proprie
728 749 857 816 Lucinae
879 753 1016 815 videntur
1042 754 1136 816 fuisse
1163 753 1289 832 originis
1311 752 1374 824 rel,
1401 763 1434 814 ut
1459 754 1629 814 sccnrsdus
1650 753 1730 814 dica·

289 876 290 880 ¹
392 877 474 932 mus,
501 857 742 930 consuetudinis,
768 856 1014 934 frequentissime
1039 857 1120 916 enim
1146 873 1215 916 esse
1240 857 1273 916 in
1299 857 1390 916 certis
1416 855 1597 934 quibusdem
1621 855 1730 916 liuline

392 961 508 1021 mediae
529 960 673 1040 pertibus,
695 961 728 1019 in
742 958 855 1019 Piceno
876 957 1067 1037 potissimum
1089 958 1192 1035 (cuiue
1219 977 1330 1020 nomen
1349 957 1450 1036 ipsum
1467 958 1606 1018 similiter
1619 958 1729 1018 iorms·

391 1072 453 1122 tum
475 1061 540 1139 est)
567 1061 800 1140 regionibusque
821 1059 930 1120 ricinis
952 1059 1125 1120 observavit
1143 1060 1350 1120 Mommsenus
1360 1059 1400 1138 ¹).
1443 1059 1582 1120 Indicnre
1604 1077 1729 1137 possum

392 1165 458 1227 eius
480 1165 595 1224 formae
616 1165 739 1223 numine
760 1161 889 1224 ducenis
910 1162 979 1239 plns
1000 1161 1115 1235 minue,
1142 1161 1305 1222 maximum
1325 1169 1442 1242 perum
1463 1181 1502 1222 ex
1523 1162 1729 1242 inscriptioni·

392 1269 449 1326 bns
470 1265 628 1346 regionum
649 1283 752 1325 esrum
774 1283 851 1343 quas
873 1263 948 1324 dixi.
1509 1301 1517 1320 .

476 1365 567 1428 Certe
588 1365 731 1428 Latinum
757 1375 804 1426 est
830 1365 971 1427 suffixum
999 1372 1053 1437 an,
1080 1365 1163 1444 quod
1189 1367 1329 1444 componi
1350 1365 1430 1427 solet
1449 1375 1511 1426 cem
1533 1383 1600 1428 eum
1622 1365 1729 1426 rediui-

392 1469 449 1530 bus
475 1489 492 1528 a
517 1469 627 1547 quibus
649 1468 796 1529 semime
821 1467 853 1527 in
874 1486 895 1527 a
915 1469 980 1528 sire
1001 1471 1116 1544 primes
1138 1465 1350 1528 declinationis
1371 1468 1501 1530 formate
1521 1475 1608 1540 sunt,
1637 1481 1672 1530 nt
1690 1468 1729 1530 eb

394 1571 493 1634 insula
518 1570 609 1631 fiebat
634 1569 800 1644 insulanus,
827 1569 986 1630 adeeuena
1007 1570 1194 1643 mmmmm,
1222 1586 1313 1648 quum
1339 1589 1406 1631 oum
1431 1570 1638 1630 recisionem
1659 1589 1728 1632 con·

393 1683 536 1734 senentes
558 1671 732 1735 terminatas
753 1681 807 1732 sut
825 1671 859 1730 in
881 1691 897 1731 o
920 1670 1082 1732 secondum
1102 1672 1220 1732 tertiam
1243 1673 1427 1750 sitersmque
1449 1671 1670 1734 declinationes
1696 1683 1730 1733 ut

392 1795 411 1835 a
425 1779 508 1853 unte
522 1776 675 1851 fontanus,
698 1775 736 1834 ab
758 1775 865 1852 oppido
887 1773 1062 1854 oppidanus,
1083 1770 1234 1834 semtelio
1249 1774 1424 1834 castellanus
1443 1775 1526 1835 iscis
1539 1786 1617 1834 sunt.
1653 1775 1728 1837 Fre·

391 1875 624 1955 quentissimum
650 1879 698 1936 eei
722 1875 755 1934 in
779 1874 938 1936 adiectiris
964 1891 1041 1953 quae
1065 1874 1196 1936 breviter
1222 1876 1348 1936 didmus
1374 1875 1516 1950 ethnicis,
1543 1875 1596 1937 sed
1622 1876 1729 1939 eedem

391 1987 481 2057 etque
502 1977 533 2038 in
553 1977 681 2056 reliquie
701 1975 808 2038 formis
829 1976 968 2038 limitato
988 1985 1181 2057 usurpetnme
1202 1996 1271 2038 usm
1294 1985 1326 2038 ut
1346 1997 1366 2044 a
1386 1977 1480 2040 Bona
1499 1979 1664 2054 Romnae,
1686 1980 1730 2041 iu

391 2099 411 2142 s
431 2079 555 2142 Tusculo
580 2078 759 2140 dusmlomss
782 2079 944 2141 derivetur.
987 2077 1060 2144 Non
1085 2078 1227 2156 frequens
1253 2092 1301 2139 eet
1325 2081 1358 2140 in
1379 2081 1504 2148 uetustis
1529 2081 1654 2142 deorum
1676 2101 1728 2142 no-

359 2233 361 2240 ,
391 2182 533 2256 minibus,
555 2181 649 2242 veluti
669 2181 701 2240 iu
716 2179 818 2242 Diana
833 2179 952 2258 [lanu]
967 2181 1106 2243 Siluanus
1120 2180 1293 2243 Sumenanus
1310 2181 1461 2256 Volcanus,
1482 2183 1553 2243 itam
1575 2183 1607 2244 in
1625 2203 1728 2244 recen·

390 2285 518 2346 tioribna
545 2283 838 2362 indigitamentorum
863 2285 915 2362 qni
940 2281 1079 2344 dicuutur
1101 2283 1282 2345 Aescuionus
1304 2283 1433 2344 lucanus
1457 2281 1616 2364 Vaos’tanue
1636 2286 1729 2346 Prae·

391 2397 479 2449 enno
499 2385 671 2456 Paulianae
698 2385 900 2463 frequentius,
927 2394 960 2444 ut
984 2386 1205 2466 expectaveris,
1231 2387 1263 2448 in
1285 2386 1417 2446 iocorum
1439 2387 1624 2462 nominibus,
1649 2406 1728 2465 quse

390 2508 451 2548 non
476 2507 546 2548 raro
574 2487 738 2548 meandum
764 2487 981 2548 edieciirornm
1008 2487 1178 2568 analogiam
1202 2489 1378 2564 formantur,
1405 2489 1497 2550 veluti
1518 2499 1590 2549 eunt
1613 2488 1729 2550 Cluana

392 2591 504 2652 &ana
531 2589 658 2650 Novana
686 2589 825 2648 Numana
858 2577 993 2663 Uriona,
1023 2589 1183 2650 Aeclanum
1210 2589 1363 2650 Anranw
1392 2589 1558 2651 Bouianuus
1585 2593 1728 2652 Iuomurn

390 2691 547 2752 Pallanum
568 2688 693 2751 Teanum
711 2691 880 2766 Teqianun3
903 2691 1050 2752 accedunt
1069 2701 1186 2752 montes
1209 2691 1365 2769 caremus
1386 2692 1554 2765 Vaticanus,
1575 2694 1727 2754 Pantanus

390 2793 490 2868 iscus,
516 2792 627 2853 flumen
649 2793 814 2854 Varnenum.
857 2792 1014 2854 Pertinent
1037 2794 1098 2853 hnc
1118 2793 1208 2854 etiem
1231 2793 1357 2855 Sacrani
1377 2813 1417 2854 ex
1438 2794 1634 2855 Reatinorum
1658 2814 1727 2854 vere

390 2912 478 2956 suero
499 2894 560 2956 orti
578 2903 657 2954 usse
678 2893 778 2954 Psuio
799 2891 886 2954 Festi
909 2913 937 2972 p.
954 2894 1025 2968 321,
1046 2912 1175 2971 quonum
1196 2914 1306 2956 noman
1327 2896 1367 2956 sd
1389 2895 1616 2958 similitudinem
1642 2897 1727 2958 Can·

387 3014 487 3074 panus
509 2995 648 3056 Lucanus
670 2997 824 3056 nominum
846 2997 1006 3056 formatum
1026 3014 1096 3056 esse
1117 3005 1209 3075 putet.
1280 3035 1283 3040 -

475 3098 536 3158 Per
557 3107 596 3157 on
622 3097 771 3158 suidxuin
793 3099 985 3160 coniunctum
1011 3117 1080 3160 cum
1105 3103 1151 3158 ius
1178 3099 1399 3178 gentiliciurum
1426 3101 1567 3162 sollemni
1588 3099 1727 3163 similiter

391 3211 480 3280 euque
502 3218 556 3278 per
577 3210 630 3272 on,
651 3209 701 3272 en,
722 3210 754 3259 in
781 3208 810 3260 et
830 3200 964 3261 iurasse
988 3201 1079 3261 etiam
1100 3219 1154 3278 per
1174 3211 1214 3266 sn
1234 3201 1359 3264 nomios
1377 3203 1531 3280 gentilicis
1551 3204 1650 3264 mults
1665 3204 1726 3263 ior

390 3312 472 3362 mets
493 3310 564 3364 sunt
584 3301 616 3361 in
633 3304 723 3362 anius
745 3307 829 3362 unius
850 3305 931 3363 euius
952 3307 1030 3363 unius
1043 3301 1085 3382 ²),
1108 3303 1202 3363 veluti
1218 3300 1366 3382 German
1380 3303 1565 3382 sinemurus
1579 3307 1726 3367 Ducenius

397 3405 544 3476 Vatinius,
567 3420 636 3464 rara
661 3403 693 3463 in
720 3407 821 3476 anim,
849 3403 932 3464 velut
954 3403 1100 3482 &penus
1122 3403 1286 3482 Sepunssius
1307 3413 1337 3466 et
1358 3405 1470 3466 similis
1490 3407 1648 3484 quaedam.
1690 3407 1725 3468 In

392 3498 607 3568 sdieotirornrn
628 3521 752 3586 qnoque
770 3506 949 3566 scr-stione
970 3515 1009 3566 dn
1024 3517 1061 3568 dn
1076 3517 1110 3568 in
1124 3517 1155 3566 in
1176 3507 1287 3567 suffixa
1305 3507 1383 3568 satie
1403 3507 1573 3584 frequentin
1586 3518 1667 3582 eunt,
1687 3519 1727 3570 sn

390 3629 509 3683 nsum,
535 3615 569 3668 at
593 3607 625 3668 in
645 3610 823 3685 nonanus
846 3617 1018 3686 oportunum
1044 3627 1114 3669 rare
1134 3609 1224 3670 etism
1244 3610 1368 3670 deorum
1388 3611 1511 3671 nomine
1531 3629 1588 3688 per
1604 3619 1645 3670 sn
1666 3611 1727 3678 suf·
1802 3625 1804 3629 ⁴

389 3713 486 3772 hum
506 3709 646 3784 formate,
669 3708 762 3770 veluti
775 3705 929 3788 Motum
950 3709 1097 3772 Portunus
1113 3711 1253 3772 Mutunus
1271 3711 1398 3772 Munus
1421 3711 1540 3773 Vestina
1561 3711 1675 3774 Vesana
1695 3721 1726 3774 et

391 3811 573 3876 Sabinorum
588 3810 738 3885 Albunea,
760 3829 830 3872 nans
851 3814 883 3872 in
904 3813 1038 3874 Fortuna
1059 3813 1259 3890 antiquiorem
1280 3815 1407 3877 Fortuna
1426 3814 1553 3876 iormsm
1573 3817 1725 3890 norimus,

391 3913 522 3978 similem
543 3911 714 3991 numinibus
736 3913 907 3991 Aornum
932 3914 1065 3978 Orbonae
1085 3913 1238 3976 Porsenae
1281 3915 1317 3975 In
1338 3915 1473 3978 iocorum
1495 3917 1665 3979 nominibus
1686 3938 1726 3978 un

390 4016 509 4078 videtur
522 4013 647 4090 deesse3
668 4032 738 4077 uem
753 4015 897 4078 Beiunun
911 4016 1033 4079 Canusi
1051 4009 1424 4080 mowenheimensi
1461 4017 1628 4080 Commune
1649 4020 1725 4080 iliud

390 4118 502 4181 nehem
522 4103 643 4184 nomine
663 4115 696 4178 in
717 4128 803 4179 anius
824 4119 908 4180 onina
929 4123 1010 4181 osius
1034 4121 1110 4180 idue
1132 4117 1208 4196 (nou
1229 4121 1262 4180 in
1283 4119 1397 4198 unns),
1419 4121 1500 4200 qnod
1520 4139 1672 4201 nusquam
1692 4123 1724 4182 in

390 4221 429 4283 iis
453 4239 475 4281 n
494 4219 594 4280 littere
619 4221 771 4298 geminate
795 4224 852 4281 est.
895 4219 976 4282 Nam
1002 4239 1080 4298 quse
1104 4229 1210 4281 extent
1229 4221 1262 4282 in
1282 4225 1382 4284 ousiis
1402 4223 1526 4284 nomina
1545 4241 1606 4289 uun
1627 4242 1726 4302 psucs

389 4323 496 4400 (veluti
517 4321 682 4386 Herennius
704 4323 890 4400 Pescennius)
910 4331 942 4383 et
961 4323 994 4382 in
1014 4326 1112 4384 anim
1131 4342 1283 4404 pmpsuce
1304 4322 1412 4401 (ueluti
1430 4325 1600 4402 Αυιιιιιὲιιι),
1621 4344 1659 4384 es
1678 4324 1723 4388 di·

389 4441 495 4486 versse
515 4423 642 4506 originis
662 4423 796 4504 petendu
818 4433 888 4484 suut
907 4427 939 4486 ei
958 4423 1088 4486 toruus
1109 4426 1317 4505 componenda
1336 4443 1405 4486 cnm
1421 4425 1587 4486 terminetis
1603 4427 1634 4487 in
1649 4445 1724 4488 aena

390 4535 421 4587 et
441 4531 524 4598 ιἰιιιαι
547 4527 579 4588 in
600 4535 705 4588 annius
726 4536 826 4588 eutem
848 4537 879 4586 et
899 4529 1002 4589 annius
1022 4527 1151 4592 immun
1168 4526 1254 4588 nulle
1268 4526 1397 4588 luerunt.
1432 4528 1539 4605 ltaque
1558 4529 1723 4588 Turannius

391 4651 444 4710 pru
469 4631 633 4692 sumnia
658 4637 689 4689 et
707 4628 868 4690 Veronniue
893 4647 949 4708 pro
974 4629 1113 4690 Veranius
1136 4629 1264 4700 formae,
1291 4646 1368 4707 quse
1389 4613 1519 4690 edium
1542 4629 1722 4709 scripturum

365 4780 367 4784 .
390 4744 524 4795 veterum
545 4733 642 4792 adhuc
663 4731 794 4792 colerere
814 4731 924 4806 solent,
946 4734 1068 4792 omnino
1089 4732 1287 4806 remorendee
1308 4739 1388 4793 sunt.
1425 4730 1588 4792 Verenniue
1608 4732 1723 4794 tornes

468 4983 492 5049 ¹)
518 4983 552 5038 1n
568 4982 636 5038 libra
656 4983 689 5034 de
708 4983 826 5035 disiectis
844 4981 936 5035 resitue
955 4979 1085 5036 inferioris
1102 4997 1129 5050 p.
1144 4981 1196 5036 dd!
1216 4982 1277 5036 sdn.
1290 4985 1322 5046 ῦς
1347 4983 1378 5035 eu
1398 4997 1466 5050 quse
1484 4983 1622 5036 Hennensis
1639 4985 1722 5036 edne·

389 5076 455 5132 usis
472 5077 507 5130 sd
524 5075 662 5143 Bargnseii
680 5089 762 5142 opera
781 5079 794 5126 1
816 5089 842 5142 p.
857 5075 910 5126 248
928 5081 955 5125 ei
973 5077 992 5126 4
1009 5089 1035 5140 ιι.
1049 5073 1113 5130 uls.

465 5166 493 5234 ³)
518 5167 677 5223 Salustium
695 5167 724 5220 in
742 5167 812 5220 usiae
828 5166 916 5232 luisse,
936 5174 965 5218 ut
980 5161 1107 5220 mune
1125 5163 1267 5220 Flumineus
1285 5164 1422 5221 stowe«
1439 5161 1560 5233 Volsiniis
1582 5163 1630 5220 sed
1647 5166 1715 5222 liene

388 5260 528 5331 nemodise
545 5259 719 5314 strennuos
736 5275 806 5314 nuno
823 5275 877 5314 non
895 5273 967 5314 euro.
