3850 5852
451 715 562 790 Agitur
583 713 615 770 iu
638 718 833 772 monumento
862 708 900 768 de
927 707 1070 769 nundinis
1093 705 1286 768 instituendis
1308 707 1520 786 habendisque
1546 711 1577 768 iu
1599 707 1720 785 prosim

368 819 414 875 cio
435 813 542 891 Africa
563 816 680 891 ragione
701 812 849 888 Repuensi
870 813 1015 870 territorio
1035 809 1278 869 Musulamiorum
1306 811 1348 868 cd
1370 809 1463 870 Graue
1491 812 1540 871 vel
1567 821 1600 872 ut
1627 829 1741 892 supra¹

369 918 470 978 miuus
492 924 633 978 accurate
654 914 839 990 breviusque
860 912 973 972 dicitur
993 913 1031 972 da
1051 911 1189 970 nundinis
1210 911 1305 971 saltus
1326 912 1489 989 Bepumeir
1516 917 1548 973 in
1575 918 1720 976 territorio

372 1021 501 1083 Curensi.
545 1017 720 1077 Musulamii
753 1017 875 1093 saepius
907 1021 1190 1074 commemorantur.
1240 1011 1355 1074 Narrat
1388 1015 1470 1077 euim
1498 1013 1609 1078 Florus
1622 1015 1651 1092 ¹)
1684 1019 1723 1078 de

370 1127 527 1201 Augusto:
561 1121 615 1180 aab
640 1120 803 1178 meridiano
831 1117 1032 1178 tumultuatum
1056 1118 1149 1192 raugia
1178 1134 1265 1194 quarn
1286 1112 1422 1177 bellunen
1443 1127 1493 1178 est.
1538 1119 1721 1182 Musulamos

370 1237 457 1304 agua
486 1223 625 1286 Gaetulos
650 1221 766 1282 uoculae
793 1219 923 1296 Syrtium
956 1216 1047 1278 Corae
1074 1219 1147 1278 duce
1176 1221 1362 1296 compescuit,
1393 1237 1485 1296 qoam
1514 1221 1674 1285 victoriam
1702 1243 1722 1280 a

370 1326 489 1386 Velleio
510 1325 613 1384 Dione
636 1321 748 1383 Orosio
769 1340 890 1400 quoque
911 1329 1177 1381 commemoratam
1193 1317 1311 1382 Cossus
1334 1339 1360 1378 a
1378 1320 1397 1380 6
1419 1323 1594 1398 reportavit.
1634 1323 1722 1398 Quae

370 1430 418 1488 hic
445 1427 627 1488 decadibus
656 1425 910 1484 Musulamiorum
938 1423 1111 1484 referuntur·
1137 1439 1198 1482 nou
1227 1423 1268 1482 ita
1296 1422 1502 1502 intellegenda
1529 1433 1600 1484 sunt
1631 1428 1723 1503 quasi

371 1549 446 1610 gens
479 1531 534 1590 illa
566 1529 598 1587 in
630 1545 686 1586 cra
717 1527 870 1586 maritima
901 1525 1085 1586 habitaverit
1116 1525 1164 1584 vel
1197 1523 1228 1584 in
1260 1525 1400 1602 partibus
1429 1525 1551 1586 Africae
1578 1525 1723 1606 Syrtibus

371 1632 534 1712 proximis:
562 1630 666 1689 rhetor
687 1628 845 1690 Romanus
871 1629 908 1690 ds
935 1627 1122 1706 geographia
1147 1626 1272 1687 Africus
1297 1627 1376 1686 idem
1404 1627 1467 1689 fers
1495 1629 1621 1690 noviase
1639 1631 1722 1692 ride-

372 1745 420 1796 tur
449 1734 531 1812 quod
559 1741 682 1798 nostrae
708 1731 818 1796 aetatis
845 1731 904 1791 viri
932 1728 1014 1790 docti
1043 1729 1179 1807 plerique
1208 1729 1322 1799 sciunt,
1355 1729 1473 1790 scilicet
1502 1749 1569 1790 eam
1597 1733 1723 1796 meridia

372 1838 466 1897 maris
495 1835 648 1913 Tyrrheni
681 1834 771 1894 sitam
800 1850 869 1892 esse
898 1833 1045 1909 sinusque
1070 1831 1182 1892 habere
1210 1829 1317 1908 Syrtes
1346 1833 1533 1910 appellatos,
1566 1845 1724 1910 praeterea

372 1939 416 2000 ibi
444 1937 570 2016 reperiri
597 1937 703 1998 leones
732 1936 852 1996 deserta
879 1935 1016 1996 homines
1044 1933 1163 2011 nigros,
1190 1933 1223 1993 in
1250 1935 1393 2013 Aegypto
1422 1935 1514 1995 ctiam
1542 1937 1723 2016 hippopota-

374 2059 449 2102 mos.
499 2039 647 2102 Gaetulos
674 2038 754 2098 enim
781 2055 937 2114 uunquam
965 2033 1101 2113 Syrtium
1129 2037 1250 2096 accolas
1281 2037 1379 2097 fuisse
1406 2045 1511 2098 uotum
1539 2049 1600 2104 est.
1630 2039 1724 2101 idem·

373 2163 432 2220 que
465 2143 502 2202 de
529 2139 721 2201 Musulamiia
749 2147 869 2201 mustat
895 2157 935 2199 ex
962 2139 1002 2198 iis
1029 2157 1108 2216 quae
1136 2139 1332 2199 Ptolemaeus
1362 2141 1555 2220 geographos
1584 2141 1722 2204 Tacitus·

376 2265 436 2323 que
468 2245 505 2303 de
537 2243 662 2302 sedibus
694 2261 798 2304 eorum
832 2241 1029 2301 tradiderunt.
1080 2240 1318 2318 Ptolemaensl)
1345 2251 1464 2321 gentem
1494 2262 1586 2320 quam
1614 2250 1725 2304 Marru-

373 2337 460 2408 aa‘ur·
487 2344 622 2424 appellat
648 2345 705 2406 sub
727 2343 817 2404 Audc
843 2353 946 2404 moute
971 2343 1157 2404 habitavisse
1182 2343 1289 2404 scribit
1309 2363 1329 2402 a
1350 2341 1537 2406 Cirtensibus
1566 2347 1723 2408 meridiem

374 2466 481 2508 versus
506 2447 538 2506 in
565 2445 746 2508 occidentali
773 2454 858 2523 parte
881 2443 1059 2520 Numidiae,
1092 2444 1259 2523 Tacitusi)
1281 2465 1348 2506 eam
1369 2448 1585 2508 solitudinibus
1599 2449 1724 2512 Africae

373 2551 576 2629 propinquam
598 2547 777 2624 Maurisque
803 2549 937 2608 accolam
960 2547 1046 2606 dicit:
1080 2547 1188 2624 quibus
1210 2547 1394 2610 testimoniis
1422 2550 1503 2610 ducti
1525 2552 1723 2630 iampridem

374 2660 455 2712 recte
482 2652 541 2712 viri
567 2649 650 2710 docti
673 2649 873 2710 Musulamios
899 2649 978 2708 inter
1006 2659 1124 2709 montes
1145 2649 1237 2709 hodie
1259 2650 1368 2726 Djehel
1390 2654 1490 2712 Aurea
1512 2653 1611 2714 dictos
1631 2655 1724 2716 linoa-

377 2771 436 2832 que
457 2751 667 2814 Mauretsuiae
695 2752 879 2812 territorium
908 2751 1052 2812 habuisse
1078 2758 1256 2826 statuerunt.
1300 2753 1367 2812 Iam
1391 2772 1464 2816 vero
1490 2757 1618 2837 emergit
1641 2758 1726 2817 aliud

376 2875 482 2917 corum
515 2854 701 2915 territorium
733 2853 766 2914 iu
796 2853 985 2916 mediatore
1011 2853 1170 2930 provincia
1196 2855 1422 2934 procunsulari,
1454 2856 1546 2935 longe
1578 2867 1725 2920 remotum

374 2959 415 3018 ab
437 2958 527 3018 Addo
550 2968 653 3022 munta
674 2957 866 3034 Maurisque:
899 2976 971 3016 uum
993 2957 1062 3016 inde
1084 2957 1143 3016 huo
1170 2975 1265 3034 usqua
1292 2959 1368 3018 linea
1390 2959 1489 3036 gantis
1515 2963 1723 3039 pertinebant?

376 3061 475 3120 Immo
504 3060 565 3120 alia
589 3061 709 3120 ratione
736 3077 787 3120 res
816 3059 1000 3136 explicanda
1025 3067 1081 3119 est.
1125 3057 1231 3118 Refert
1257 3059 1336 3120 euim
1362 3059 1530 3134 Tacitum)
1558 3063 1726 3140 imperante

377 3159 502 3223 Tiberio
534 3161 759 3222 Tacfarinatem
797 3160 960 3223 Numidam
997 3162 1131 3222 adiutum
1169 3163 1302 3222 maxima
1334 3161 1587 3228 Musulamiorum
1624 3167 1727 3228 valida

376 3273 466 3342 genta
498 3264 611 3324 bellum
644 3264 792 3324 Romanis
828 3263 982 3337 intulisse,
1015 3281 1083 3323 eum
1112 3261 1224 3324 Furius
1251 3261 1400 3326 Camillus
1433 3267 1615 3342 proconsule
1643 3269 1726 3330 Afri·

377 3385 444 3426 cam
477 3367 627 3426 obtineret
653 3365 701 3442 (a.
726 3367 800 3442 17),
833 3367 872 3426 ab
905 3384 1001 3443 eoque
1032 3365 1133 3426 susum
1165 3351 1371 3444 legatumque.
1422 3365 1492 3443 Quo
1522 3369 1640 3446 proelio
1662 3373 1726 3432 ‘etsi

377 3468 488 3528 bellum
516 3468 647 3528 fortasse
675 3467 844 3548 paullulum
872 3468 1095 3540 intermissum,
1128 3468 1295 3529 extinctum
1324 3477 1425 3530 tamen
1450 3485 1511 3532 uon
1540 3482 1601 3544 est,
1629 3472 1727 3533 vario·

377 3589 438 3648 qus
466 3589 522 3650 per
549 3570 721 3648 complures
749 3589 846 3630 annos
873 3570 972 3631 Marte
999 3571 1172 3648 gestum⁶);
1206 3589 1285 3630 anno
1315 3571 1435 3632 domum
1463 3569 1504 3633 24
1532 3591 1622 3634 carso
1649 3575 1727 3636 duce

376 3671 552 3751 provinciae
577 3690 645 3750 pax,
667 3672 785 3732 reddita
810 3671 903 3748 esti)
946 3673 1028 3732 luter
1053 3690 1103 3732 res
1130 3691 1210 3732 auno
1233 3671 1271 3732 21
1300 3682 1402 3752 gestu
1431 3673 1505 3735 haec
1531 3677 1612 3752 apud
1638 3677 1726 3736 'l'aci-

378 3765 483 3852 tamt)
508 3775 664 3852 leguntur:
689 3792 779 3851 neque
799 3775 888 3833 multo
906 3785 976 3850 post
998 3773 1119 3847 Caesar,
1146 3794 1208 3835 crum
1228 3775 1346 3835 Iunium
1371 3776 1508 3839 Blaesum
1527 3781 1727 3854 proconsulem

378 3877 502 3954 Δίνίσαο
523 3859 663 3956 triumphi
682 3877 843 3954 insignibus
865 3877 1017 3948 auellere,
1039 3878 1111 3939 dore
1132 3879 1164 3936 id
1184 3895 1215 3938 ae
1236 3878 1310 3936 dieu
1328 3879 1430 3940 boeoti
1445 3877 1556 3951 Seiani,
1578 3881 1661 3940 cuius
1675 3881 1726 3940 ute

378 3979 538 4050 aremulus
560 3986 632 4038 erut.
676 3979 722 4038 Aa
742 3987 836 4038 tumen
856 3996 903 4038 res
925 3979 1032 4039 Blaesi
1053 3981 1159 4056 dipuoe
1181 3981 1279 4040 decore
1301 3981 1354 4040 toli
1367 3983 1462 4055 suere
1518 3980 1598 4040 Num
1623 3983 1723 4058 Tarsu-

378 4085 462 4140 rt'noe
488 4097 665 4158 quamquam
691 4083 809 4158 saepius
838 4081 976 4158 deputem
1002 4085 1151 4159 reparatis
1174 4084 1352 4159 perintime
1372 4082 1494 4160 Africus
1521 4085 1642 4145 urntttta
1672 4086 1728 4146 tue

379 4184 571 4262 adrogantiae
597 4193 722 4258 uenum,
744 4190 777 4242 ut
797 4183 906 4262 topatus
927 4185 968 4243 od
992 4183 1135 4244 ticenum
1155 4187 1277 4250 mitteret
1296 4186 1446 4262 sedemque
1465 4185 1543 4245 ultro
1564 4185 1621 4246 rtet
1640 4197 1728 4264 etque

457 4565 482 4630 ¹)
508 4566 544 4626 ΙΙ,
565 4564 611 4616 31.

456 4654 482 4722 ²)
509 4658 559 4720 IV,
575 4659 601 4720 3,
616 4659 651 4708 at
671 4657 735 4708 dicit
754 4658 787 4710 ab
807 4659 942 4710 occidente
964 4659 1092 4724 inclpiena
1111 4659 1313 4724 descriptionem
1331 4647 1410 4710 nitu
1423 4656 1451 4709 ll
1462 4658 1509 4710 ruia
1522 4657 1566 4728 pls
1579 4656 1725 4729 Κιρησίων

379 4748 422 4802 nal
433 4747 478 4815 τῆς
488 4734 630 4817 Ncuprdiar
643 4737 873 4820 prrupflpruuirrpor
885 4739 932 4802 iro*
944 4739 975 4804 rc*
989 4738 1072 4802 didas
1086 4737 1146 4819 ὅρος
1158 4739 1327 4819 Μισοὼῖμοι
1339 4751 1397 4802 κτλ.

458 4841 484 4906 ⁸)
514 4844 585 4894 Anu.
603 4841 643 4905 11,
663 4843 711 4894 52.

458 4933 485 4998 ι)
516 4935 589 4986 Anu.
609 4935 627 4984 l.
646 4933 666 4985 l.

459 5025 488 5088 ι)Ι
513 5029 584 5078 Anu.
603 5025 657 5090 111,
679 5027 713 5077 21
734 5035 761 5076 ct
782 5029 816 5078 ta
835 5043 875 5094 sq.

459 5115 485 5180 6)
515 5121 585 5169 Auo.
603 5115 653 5178 1v,
675 5119 711 5170 23
731 5133 770 5185 sq.

460 5205 485 5272 ¹)
513 5211 586 5262 Anu.
604 5209 657 5274 111,
678 5207 713 5260 'ts
733 5225 771 5276 sq.
