3848 5850
703 553 781 624 nex
796 572 880 628 coc.
901 571 1130 628 ossnrrvsr..
1516 561 1587 632 147

247 765 282 810 cu
305 767 338 808 rs
359 747 499 824 dicens,
520 747 602 826 quod
621 747 677 808 ille
698 747 766 808 solo
787 764 938 810 consensu
959 747 1143 826 perficietur,
1167 747 1217 808 bie
1237 749 1459 826 quodammodo
1480 752 1590 818 litteris

248 849 287 910 de
312 869 350 910 eu
373 869 407 910 rs
432 849 522 910 iretis
543 850 593 910 vel
619 849 724 926 potius
749 857 867 910 temere
890 848 962 909 dete
972 845 1011 926 ¹).
1053 835 1120 908 ium
1141 859 1326 930 petronetus,
1340 835 1369 912 is
1390 870 1479 930 quem
1501 850 1591 914 nobis

246 961 456 1032 repraesentet
482 951 534 1010 lex
563 949 707 1016 crearis
733 961 847 1030 quuuto
872 952 1001 1030 propius
1029 950 1070 1010 ed
1097 951 1281 1029 primitivum
1311 953 1439 1014 formum
1467 955 1592 1014 secedet

247 1072 338 1134 quum
366 1071 456 1133 quem
484 1051 572 1113 nobie
599 1033 865 1130 repraesentarunt
892 1053 1073 1114 documente
1100 1052 1199 1114 tdhuc
1226 1064 1299 1114 note
1326 1055 1435 1117 sctstis
1457 1056 1592 1134 imperu-

248 1157 345 1216 toriee
369 1156 432 1216 feru
453 1153 569 1226 omnio,
594 1145 685 1214 nemo
710 1163 759 1214 eet
784 1153 857 1232 quin
883 1153 993 1215 videet.
1037 1153 1243 1242 Dntingutur
1269 1155 1300 1214 iu
1325 1155 1392 1234 legs
1411 1157 1465 1234 qui
1483 1152 1590 1234 iputro-

248 1273 307 1316 nuc
331 1266 375 1318 ott
397 1249 600 1333 uooputuree’
626 1256 681 1334 (3,
703 1253 763 1332 15)
790 1255 856 1316 sive
881 1249 1031 1334 'patronus
1056 1259 1217 1334 adoptatur
1242 1259 1365 1316 sunum
1384 1253 1434 1336 'dt'
1458 1257 1509 1335 (i,
1529 1257 1591 1334 43)

250 1359 289 1419 eb
311 1377 348 1418 eo
369 1357 422 1436 qui
440 1355 551 1436 'doepeo
572 1357 734 1435 adoptetur
753 1374 906 1444 pudorem
926 1355 1081 1434 teeptuur
1101 1368 1242 1419 tusorum
1263 1357 1415 1436 hospitalis
1431 1354 1491 1438 μ’.
1533 1359 1592 1418 Illo

248 1461 347 1521 honor
371 1459 469 1521 muior
488 1467 563 1538 ost,¹
577 1457 627 1518 hic
649 1459 759 1532 minor,
788 1477 857 1518 uum
879 1459 919 1520 ud
940 1467 1130 1537 patronatum
1152 1459 1371 1520 decernendum
1390 1460 1468 1522 duee
1488 1465 1591 1540 purtcs

249 1561 442 1622 decurionum
467 1561 675 1640 requiruntur,
701 1559 732 1620 in
758 1560 893 1638 bospitio
918 1559 1027 1621 solitus
1054 1579 1198 1622 numerus
1226 1561 1372 1636 sufficiet,
1396 1563 1469 1622 item
1493 1579 1593 1640 poene

249 1663 405 1742 udecr'ipte
425 1663 466 1722 sit
486 1664 517 1722 iu
538 1661 593 1722 illo
613 1661 714 1722 decies
734 1667 821 1720 tantu
840 1671 954 1740 quentu
973 1663 1006 1722 in
1027 1662 1085 1722 boc
1107 1669 1162 1724 est.
1198 1662 1264 1722 Ium
1286 1651 1344 1726 huo
1364 1663 1431 1742 lege
1446 1663 1591 1724 admoniti

249 1763 452 1842 intellegimus
475 1761 650 1850 (iuditnnos¹
670 1763 836 1841 hospitium
863 1759 1053 1824 solummodo
1078 1763 1199 1842 publice
1221 1747 1469 1826 fecisse'tcssere
1488 1766 1593 1825 oblatu

251 1885 320 1930 cum
346 1865 419 1926 cire-
442 1866 515 1926 oiim
544 1881 615 1939 suo,
640 1865 701 1926 iem
728 1863 870 1926 nummo
897 1861 935 1924 1..
964 1861 1108 1926 cornelio
1135 1860 1288 1944 Bolbo¹),
1319 1855 1511 1946 nequaquem
1538 1887 1592 1946 pu·

251 1982 371 2032 nonum
396 1987 466 2029 eum
493 1967 551 2027 sibi
579 1967 783 2046 edopteviese.
828 1965 960 2027 Omnino
983 1973 1090 2044 posteo
1117 1965 1236 2027 demum
1258 1975 1385 2046 uterque
1405 1969 1503 2050 bonor
1524 1985 1592 2046 per·

249 2082 341 2152 petuo
373 2071 614 2146 necessiteteque
639 2065 770 2145 quedem
796 2068 937 2145 coniungi
966 2069 1064 2144 coepti
1093 2076 1165 2128 suut
1191 2069 1360 2148 occiditque
1384 2070 1435 2130 hic
1459 2087 1592 2148 quoque,

251 2183 286 2233 ut
312 2173 478 2234 bonoribus
505 2169 802 2231 increbrescentibus·
821 2179 853 2230 et
872 2169 936 2229 iere
956 2169 1144 2248 pervulgatis
1165 2171 1280 2231 minore
1301 2168 1414 2232 nemini
1434 2171 1496 2233 iem
1517 2173 1592 2233 eutis

251 2276 337 2336 beret
363 2273 466 2350 itaque
494 2271 627 2348 simplex
657 2269 822 2350 hospitium
849 2271 1073 2348 quodammodo
1100 2271 1339 2350 exolesceret⁸).
1359 2304 1399 2318 -
1429 2272 1594 2352 Pronum

251 2375 385 2438 notsbils
412 2383 460 2434 est
483 2375 516 2434 in
541 2373 600 2434 heo
626 2373 693 2452 tege
719 2380 879 2452 petrosum
903 2372 1057 2449 udopturi‚
1083 2379 1118 2433 nt
1138 2372 1247 2434 Cicero
1255 2373 1286 2454 ⁴)
1308 2391 1427 2452 quoque
1448 2373 1593 2452 loquitur,

251 2499 313 2542 non
333 2475 486 2556 coepturi,
513 2475 595 2554 quod
615 2474 799 2535 vocobulum
817 2475 856 2536 ub
877 2473 1007 2552 Augusti
1028 2467 1106 2536 indu¹
1121 2484 1222 2536 uetsts
1240 2476 1272 2550 in
1293 2493 1331 2536 ee
1350 2495 1384 2536 re
1405 2476 1593 2554 sollemne⁵)

250 2579 448 2642 nihilominus
475 2577 536 2654 ipsi
561 2585 647 2636 ecum
668 2575 845 2656 proprietati
866 2581 973 2653 purum
995 2585 1098 2654 eptum
1124 2584 1197 2651 estu
1212 2595 1308 2656 neque
1330 2578 1410 2638 enim
1431 2580 1594 2658 proprius

251 2681 376 2759 collegis
390 2677 500 2739 suturis
515 2685 662 2757 petronus
677 2677 798 2740 iuturus
813 2678 1001 2740 adsciscitur.
1031 2677 1222 2758 Quemquam
1237 2679 1398 2758 cooptundi
1413 2679 1593 2742 vocubulum

252 2803 290 2844 eo
311 2782 431 2844 nomim
452 2779 591 2840 excusari
612 2786 728 2856 potest,
753 2780 835 2858 quod
861 2789 942 2864 certe
961 2781 1130 2858 posteriore
1151 2789 1287 2858 tempore
1307 2781 1398 2862 etium
1418 2781 1540 2861 petroni
1560 2783 1594 2844 in

252 2885 322 2946 elbo
348 2883 541 2944 decurionum
567 2881 841 2960 perscribebatur
854 2891 889 2944 st
910 2881 1092 2960 quodtmmo
1118 2881 1332 2944 decurionibus
1356 2882 1594 2946 adnumeretur·

251 2993 312 3050 tor.
326 3017 367 3032 -·
391 2985 549 3046 Accedunt
569 2983 632 3042 sliu
651 2983 725 3043 item
746 2990 778 3046 et
798 3002 878 3044 nove
898 2991 930 3045 et
951 2983 1073 3062 cognitu
1094 2983 1195 3062 dignu.
1237 2983 1391 3046 Petrouos
1412 2984 1512 3045 edbue
1532 3005 1595 3048 cre·

250 3088 396 3150 debemus
416 3085 517 3146 nullos
538 3083 603 3146 beri
623 3085 763 3162 potuisse
784 3085 844 3146 nisi
864 3102 904 3146 ex
925 3085 1121 3148 decurionum
1141 3085 1279 3158 decretos
1299 3087 1360 3146 ium
1377 3105 1448 3146 vero
1466 3075 1594 3149 addisci·

250 3207 320 3252 mue
347 3187 485 3250 colonius
507 3186 560 3263 qui
582 3185 783 3248 deduxissent
802 3187 894 3264 quive
915 3185 1033 3248 colonis
1054 3187 1145 3267 ugros
1166 3187 1321 3260 dedissent
1340 3188 1594 3267 resipuissent,

250 3293 337 3370 ipsos
363 3289 475 3350 liberos
501 3295 703 3366 posterosque
727 3305 832 3350 eorum
858 3289 927 3367 ipso
947 3289 1012 3350 iure
1033 3289 1098 3349 sius
1120 3285 1257 3349 colonius
1278 3298 1425 3368 petronos
1446 3289 1593 3368 nisset).

249 3393 301 3454 lte
325 3389 407 3469 quod
433 3388 541 3452 Cicero
551 3389 581 3468 ²)
609 3387 791 3468 scribitque·
816 3391 944 3470 ciuitates¹
968 3398 1022 3450 aut
1044 3393 1189 3462 suomet,
1202 3391 1328 3453 deuictos
1352 3389 1426 3451 bello
1453 3394 1486 3450 in
1506 3393 1595 3470 fidere

250 3498 439 3573 recepissent,
470 3509 568 3552 eorum
588 3499 730 3570 patrm
751 3493 850 3570 soture
875 3509 954 3554 nore
979 3483 1134 3564 mutorum,
1167 3491 1305 3554 similiter
1332 3491 1596 3574 interpretebimur

252 3595 305 3675 qui
333 3591 482 3674 populum
508 3592 659 3654 devictum
684 3593 716 3654 in
742 3593 831 3654 tidem
852 3594 1014 3672 receperit,
1040 3611 1102 3654 non
1122 3595 1167 3656 ob.
1183 3595 1214 3656 id
1235 3595 1414 3656 beneficium
1434 3603 1595 3677 petrocum

251 3697 364 3770 moeri.
389 3694 445 3756 sed
470 3712 508 3755 so
533 3693 620 3772 ipso,
646 3693 787 3772 quodin
810 3694 901 3759 ouen
926 3713 996 3756 eum
1020 3697 1148 3774 recepit,
1173 3705 1333 3774 petronum
1355 3695 1495 3758 effectum
1515 3714 1595 3758 esse.

251 3796 294 3860 tte
313 3815 385 3858 rere
410 3795 458 3858 sio
477 3795 613 3857 redimus
634 3797 674 3858 sd
693 3797 872 3877 petronutus
893 3797 1025 3878 genuine
1043 3797 1222 3878 primordier
1248 3817 1318 3860 nem
1340 3798 1427 3860 utin
1446 3799 1514 3860 iure
1533 3799 1594 3877 pri·

330 4130 356 4196 Ι)
382 4131 437 4183 bc.
455 4147 483 4199 p.
497 4131 562 4184 ³41.
575 4129 639 4183 362.

331 4219 358 4288 ³)
387 4221 480 4276 cicero
498 4239 547 4290 pro
565 4218 643 4274 Bulb.
658 4223 703 4286 ts,
716 4223 767 4274 tle
786 4219 923 4290 hospitium
1021 4237 1077 4280 cue
1096 4220 1129 4276 L.
1146 4220 1263 4276 Cornelio
1279 4219 1531 4292 Guditoncefeeiere
1543 4237 1594 4292 pe·

254 4312 320 4368 ilice
339 4313 414 4368 δίοοι
426 4313 560 4384 proferne
578 4319 704 4366 numm.
1539 4301 1540 4306 '

328 4403 355 4470 ⁸)
383 4407 436 4462 vet
458 4407 617 4472 genfflttetee
640 4407 707 4468 duee
730 4407 815 4472 gentis
832 4407 971 4458 zosim
995 4421 1042 4457 ese
1066 4421 1133 4473 quse
1157 4422 1182 4458 e.
1200 4425 1226 4475 p.
1247 4407 1310 4459 Chr.
1323 4408 1358 4457 tt
1382 4399 1532 4472 'hospitium
1551 4421 1595 4456 re·

252 4505 348 4550 metum
372 4490 515 4565 euttqnom’
538 4499 607 4550 iuter
635 4512 663 4549 so
687 4504 859 4560 rennuerunt,
885 4499 943 4562 soto
968 4513 1000 4549 eo
1024 4513 1079 4550 nou
1103 4500 1217 4551 mouenti
1238 4491 1336 4562 ‘utt(u)s
1359 4497 1440 4548 elium
1463 4498 1491 4550 iu
1516 4496 1596 4548 tidem

253 4590 451 4656 clientelrmque
474 4604 548 4642 suem
567 4603 724 4658 suorumque
743 4589 884 4640 liberorum
901 4597 1114 4658 posterorumque
1135 4581 1294 4658 receperunt*
1313 4589 1376 4652 (eoi.
1389 4589 1418 4641 11
1436 4603 1464 4640 n.
1477 4587 1594 4641 ttt³==

253 4679 422 4744 (ΜΠ-166).

329 4769 356 4834 ⁴)
383 4771 439 4825 Pro
455 4771 607 4834 Soet-ss·
637 4772 708 4826 Pru.
723 4775 749 4837 2,
764 4774 810 4838 tt,
825 4775 888 4826 tot.
908 4775 935 4839 b,
950 4773 976 4838 b,
991 4775 1035 4827 1³.
1065 4775 1126 4826 Vei.
1143 4773 1219 4826 bier.
1231 4773 1260 4837 9,
1274 4772 1318 4836 lt,
1331 4774 1358 4828 1.
1388 4767 1530 4824 Petrum
1547 4767 1595 4822 ud-

253 4861 468 4916 mecieero
486 4863 515 4916 in
534 4863 588 4916 Pie.
604 4866 647 4927 11,
660 4865 705 4918 tb.

331 4953 356 5018 Ι)
384 4954 503 5008 Primum
526 4955 658 5008 tuvmttur
678 4955 748 5024 quod
766 4957 849 5010 eciem
866 4957 896 5010 iu
914 4957 1004 5010 tabule
1021 4971 1046 5010 u.
1058 4972 1084 5024 p.
1099 4957 1161 5010 Obr.
1175 4959 1228 5009 'm
1247 4953 1339 5021 (Orodi.
1353 4953 1447 5018 8693).
1478 4947 1517 5006 ¹ln
1535 4967 1595 5006 sere

254 5045 435 5113 unuqutuiuo
453 5047 505 5098 rol.
518 5047 533 5098 1
551 5061 577 5098 u.
592 5047 645 5099 532
665 5047 871 5114 supptementum
891 5049 962 5116 quod
973 5050 1050 5116 poeni
1062 5049 1203 5100 novennis
1211 5045 1370 5118 commu]
1383 5046 1534 5116 mumdum
1547 5051 1595 5096 est.

330 5137 356 5201 ⁸)
383 5140 425 5190 ltu
437 5137 468 5191 Ρ.
482 5139 557 5194 dulit
575 5137 694 5192 colonite
710 5155 729 5192 tt
739 5155 768 5193 ee
779 5141 921 5208 Pompeios
933 5141 1061 5193 deductus
1075 5147 1200 5208 puuouns
1210 5139 1262 5194 tutu
1280 5137 1386 5202 (cruere
1396 5153 1446 5210 pro
1458 5137 1525 5194 snt.
1538 5134 1594 5204 tt).

331 5224 356 5294 Ι)
383 5229 427 5284 De
444 5230 515 5284 offic.
535 5229 680 5296 1,11,³b.
