3848 5850
409 583 479 654 136
844 603 1154 656 ιιιιιιιιιιιιιιινιι
1172 603 1258 656 von.
1277 603 1307 656 11
1419 681 1421 684 Ι
1503 621 1506 630 ·

365 793 367 798 ·
404 776 468 834 sive
498 776 679 854 oppidani1)
710 775 775 836 sive
805 773 967 852 artani2),
1000 794 1051 836 cos
1082 775 1144 836 iam
1175 775 1379 852 intellegimus
1411 776 1502 836 etiam
1534 775 1599 832 iure
1627 773 1747 834 did'errc

404 895 424 934 a
448 876 584 954 reliquis.
630 875 710 952 Quid
734 879 905 956 quodcum
928 879 1042 955 passim
1066 877 1187 950 titulos,
1215 880 1295 938 intrs
1317 895 1418 937 muros
1441 877 1572 949 scilicet,
1599 875 1749 944 dedicarit

400 977 483 1054 plebs
510 978 638 1053 orbona,
673 981 739 1038 viro
766 979 909 1055 primario
933 979 1102 1040 Veronensi
1131 978 1292 1054 titulum⁸)
1321 979 1462 1056 posuisse
1490 978 1641 1038 invenitur
1665 977 1748 1054 plebs

402 1079 582 1156 antuman),
609 1080 726 1140 scilicet
751 1091 812 1140 tum
835 1083 952 1140 urbana
972 1100 1062 1157 quarn
1084 1081 1210 1154 rustice,
1239 1061 1368 1157 eumque
1389 1080 1510 1138 titutum
1532 1095 1593 1138 non
1609 1077 1748 1138 Veronae

405 1182 571 1257 proposuit,
594 1182 647 1242 sed
669 1191 757 1244 extre
779 1183 881 1242 urbem
906 1181 1100 1260 Ouiognoiue.

272 1293 386 1344 Decreta
487 1268 650 1342 Decretum
679 1283 872 1343 decurionum
896 1293 928 1342 ut
948 1286 1012 1344 iure
1037 1283 1101 1355 flat,
1129 1283 1305 1362 plerumque
1326 1293 1426 1343 certus
1448 1298 1591 1342 uumerus
1614 1291 1646 1341 ιιι
1668 1281 1748 1341 adsit

269 1367 387 1418 555550·
405 1384 575 1460 requiritur.
618 1383 699 1444 Nsm
727 1386 764 1446 de
783 1405 851 1466 ⁸uns
879 1393 993 1444 tautum
1020 1403 1067 1458 re,
1095 1386 1212 1446 scilicet
1236 1385 1375 1446 hostibus
1402 1385 1539 1445 coloniae
1565 1383 1746 1444 territorium

263 1455 613 1578 q„¹,J¹,;,¹¹,}d„inundantibus
636 1486 812 1548 decuriones
834 1496 1036 1564 quotcumque
1057 1487 1169 1548 adsunt
1193 1497 1225 1546 ιιι
1245 1489 1408 1546 decernent
1429 1485 1610 1562 permittitur
1631 1481 1682 1562 (5,
1698 1485 1745 1562 5);

295 1586 361 1636 flant
405 1587 521 1646 scilicet
546 1587 590 1646 ibi
611 1589 776 1666 periculum
799 1589 897 1648 estin
920 1607 1011 1647 mors
1057 1586 1164 1648 Altero
1187 1590 1265 1648 enim
1288 1589 1357 1648 loco
1379 1587 1522 1664 (7,15),
1545 1587 1593 1646 ubi
1618 1587 1655 1646 de
1676 1605 1748 1646 cura

404 1689 585 1766 templorum
614 1689 738 1766 agitur„
760 1707 819 1750 non
853 1699 913 1749 tam
941 1690 1021 1750 idem
1047 1689 1233 1768 permittitur
1263 1709 1352 1768 quarn
1382 1707 1525 1749 numerus
1552 1689 1746 1749 decurionum

403 1789 557 1870 logitimus
582 1810 645 1850 non
670 1791 853 1850 enuntiatur.
898 1791 1061 1851 Praeterea
1092 1793 1218 1868 singulis
1247 1793 1324 1851 locis
1352 1789 1465 1850 diserte
1493 1789 1531 1850 de
1559 1809 1596 1850 eo
1625 1799 1749 1851 caretur

404 1911 500 1968 neque
523 1903 622 1952 temen
643 1893 756 1971 pariter
778 1891 885 1953 ubivis.
923 1891 1002 1952 Nam
1024 1905 1168 1970 quattuor
1189 1893 1338 1971 capitibus
1356 1894 1527 1969 requiritur,
1550 1903 1584 1954 ιιι
1597 1892 1677 1952 adsit
1690 1911 1748 1950 non

403 1997 497 2054 minus
517 1999 612 2054 maior
628 2013 703 2070 pora
725 1993 784 2070 (tic
806 1994 841 2067 5,
857 1994 890 2070 5)
914 1995 979 2054 sivo
1000 1999 1093 2054 motor
1110 2013 1184 2072 pcrs
1208 1995 1267 2072 (sio
1288 1997 1315 2070 l,
1331 1995 1359 2054 5.
1384 1995 1417 2066 3,
1434 1993 1483 2052 54.
1507 1995 1542 2068 8,
1558 1995 1606 2070 5),
1634 2009 1693 2052 uno
1715 2003 1748 2051 ut

405 2095 484 2156 adsit
505 2115 561 2154 ιιοιι
583 2099 676 2154 minus
698 2097 819 2154 dimidia
838 2113 914 2172 pora
937 2095 981 2170 (6,
1000 2095 1062 2172 18),
1085 2096 1212 2170 duobus,
1236 2107 1268 2156 ιιι
1286 2097 1388 2155 adsint
1404 2115 1461 2155 non
1476 2100 1570 2156 minua
1584 2093 1614 2154 1.
1636 2095 1680 2172 (5,
1700 2093 1747 2154 15.

405 2197 438 2268 6,
455 2195 528 2273 53),
555 2197 636 2274 quod
662 2197 767 2256 codem
789 2195 906 2256 videtur
932 2196 1048 2268 redire,
1074 2215 1140 2256 cum
1168 2198 1345 2257 decuriones
1370 2207 1489 2258 centurn
1518 2200 1548 2257 in
1574 2196 1747 2274 municipiis

404 2315 472 2357 esse
494 2297 657 2372 soleant⁴).
693 2295 809 2358 Tribus
831 2309 946 2358 tentum
971 2299 1047 2358 iocis
1069 2316 1211 2358 numerus
1234 2299 1358 2358 dimidio
1380 2301 1476 2358 maior
1497 2299 1632 2358 minorve
1652 2297 1748 2376 exigi-

406 2409 466 2472 tur,
493 2409 524 2458 et
549 2400 668 2460 duobus
695 2400 814 2476 quidem
842 2400 953 2472 maior,
982 2402 1107 2458 duorum
1124 2405 1256 2476 partiunt
1281 2401 1380 2477 (4,1)
1407 2400 1517 2472 attero,
1545 2400 1639 2459 altero
1662 2403 1747 2458 tritus

400 2503 531 2577 portium
553 2499 597 2578 (7,
616 2500 684 2576 44),
706 2519 766 2559 uno
788 2501 896 2572 minor,
918 2510 952 2560 ut
972 2501 1071 2560 adsint
1092 2521 1148 2560 non
1168 2507 1262 2561 minua
1285 2501 1417 2560 XXXX
1435 2501 1561 2578 (4,15).
1599 2499 1748 2561 Convenit

403 2601 496 2678 igitur
518 2603 568 2660 iex
588 2603 664 2662 haec
684 2601 765 2660 Iulia
785 2619 852 2661 oum
875 2602 1048 2680 municipali
1064 2601 1217 2676 Caesaris,
1239 2622 1316 2680 quae
1339 2605 1455 2680 etipsa
1478 2603 1520 2680 (r.
1537 2601 1610 2679 150)
1632 2604 1749 2679 legatos

404 2721 458 2779 per
484 2703 768 2786 maioremxpartem
795 2703 989 2763 decurionum
1017 2706 1112 2764 creari
1138 2706 1237 2776 iubet,
1270 2706 1471 2780 receduntque
1501 2705 1606 2764 ambae
1635 2722 1654 2762 a
1681 2705 1748 2780 lege

406 2805 580 2882 municipaii
601 2824 638 2864 ea
659 2823 749 2882 quarn
772 2801 965 2883 Ulpianusi)
988 2806 1092 2866 scribit
1114 2825 1235 2880 cavere,
1261 2815 1295 2866 ut
1316 2806 1389 2866 ordo
1412 2823 1470 2866 non
1494 2805 1581 2866 aliter
1602 2805 1749 2866 habeatur

404 2923 494 2982 quam
517 2905 635 2965 duobus
656 2907 793 2985 partibus
815 2907 968 2980 adhibitis,
991 2925 1080 2984 quam
1103 2908 1199 2986 legem
1222 2919 1254 2966 et
1274 2907 1402 2968 edictum
1426 2907 1557 2985 Augusti
1579 2907 1618 2968 de
1638 2925 1746 2984 squae-

404 3008 495 3066 ductu
508 3006 683 3067 Venafrano
704 3016 735 3068 et
750 3007 876 3067 Flaviae
896 3009 980 3086 leges
995 3007 1186 3085 Salpensana
1207 3019 1237 3068 ct
1250 3008 1434 3068 Maiscitena
1455 3011 1517 3068 fere
1534 3006 1745 3087 sequuntur⁸).

404 3107 599 3187 Quapropter
620 3109 701 3170 baud
721 3109 785 3169 scio
807 3127 846 3168 an
874 3119 994 3170 vetusta
1020 3111 1071 3170 lex
1098 3112 1241 3170 maiorem
1272 3119 1386 3169 tantum
1413 3112 1607 3170 decurionum
1630 3121 1745 3187 partem

402 3212 560 3286 requirens
582 3211 621 3268 ab
635 3211 775 3287 Augusto
798 3211 917 3272 demum
940 3221 1052 3272 muteta
1076 3213 1117 3270 sit
1138 3213 1301 3272 substituto
1324 3213 1449 3276 ducrum
1465 3213 1594 3288 partium
1613 3229 1745 3272 nurnero.

404 3308 547 3372 Senatum
571 3312 740 3374 Romanum
768 3331 836 3373 cum
862 3322 980 3373 constet
1006 3333 1043 3374 ne
1072 3313 1184 3374 liberes
1209 3313 1329 3391 quidem
1353 3313 1555 3391 reipublicae
1577 3313 1746 3372 setatede·

404 3431 527 3474 cernere
549 3414 697 3490 potuisse,
725 3413 783 3474 nisi
806 3414 844 3473 ad
872 3433 1027 3480 numerum
1050 3423 1207 3475 senatores
1230 3413 1345 3488 essem,
1370 3415 1398 3474 is
1421 3432 1563 3474 numerus
1584 3416 1634 3494 qui
1659 3415 1751 3484 fuerit

403 3533 466 3574 non
492 3515 665 3590 coruunt),
694 3517 751 3574 bec
776 3516 843 3592 lege
870 3515 981 3576 collata
1006 3515 1162 3594 probabile
1188 3527 1235 3576 est
1261 3518 1403 3576 maiorem
1431 3525 1547 3594 partem
1573 3526 1745 3576 senatorum

403 3613 511 3676 adesse
532 3615 686 3690 debuisse,
707 3615 766 3678 nisi
788 3617 914 3693 speciali
935 3617 1000 3693 lege
1023 3619 1125 3696 aliqua
1148 3627 1199 3677 aut
1220 3617 1258 3678 ds
1279 3619 1393 3678 maiore
1415 3627 1469 3678 eut
1489 3618 1526 3678 de
1546 3619 1661 3678 minure
1676 3637 1746 3678 cau·

404 3727 581 3778 turnasset.

487 3818 601 3880 Eorum
624 3827 796 3880 senatorum
819 3821 872 3898 qui
894 3819 996 3880 edsint
1017 3829 1050 3879 ιιι
1072 3821 1168 3880 maior
1189 3837 1260 3898 pers
1283 3823 1451 3882 consentiet
1472 3822 1646 3900 plerumque
1663 3821 1745 3882 suifi-

403 3921 452 3994 oit,
474 3919 505 3980 id
527 3921 608 3997 quod
635 3921 750 3998 possim
774 3921 862 3997 (1,9.
886 3921 920 3996 5,
936 3919 969 3980 5.·
984 3923 1031 3982 15.
1055 3921 1201 3999 4,1.15)
1224 3923 1336 3983 diserte
1358 3923 1539 3984 enuntiatur.
1583 3923 1746 3999 Exceptio-

404 4041 471 4081 nsm
495 4023 609 4082 iaciunt
629 4023 689 4082 duo
712 4024 809 4098 cupite
832 4021 870 4081 de
891 4024 1011 4101 bospite
1033 4025 1088 4100 (8,
1104 4024 1142 4100 5)
1165 4033 1353 4103 patronoque
1375 4026 1425 4099 (7,
1441 4026 1500 4101 44)
1523 4025 1675 4102 eligend03
1702 4025 1745 4084 ibi

403 4127 482 4184 enim
509 4141 570 4183 non
597 4134 712 4184 tentum
739 4134 774 4182 ιιι
800 4123 903 4183 adsint
930 4125 1026 4184 msior
1050 4141 1122 4202 pars
1144 4125 1259 4185 duasve
1281 4135 1383 4202 partes
1405 4127 1552 4205 exigitur.
1579 4127 1743 4185 sedetiam

405 4235 438 4284 ut
464 4237 509 4286 tot
530 4243 654 4287 nurnero
676 4225 875 4285 consentiant.
920 4227 977 4284 Per
996 4227 1131 4287 tabellum
1153 4237 1185 4286 ιιι
1207 4227 1380 4304 suffragium
1402 4228 1527 4302 serator,
1553 4238 1673 4288 cautum
1697 4237 1746 4286 eat

404 4451 610 4463 unu-nannum*-

481 4615 504 4678 ι)
532 4617 639 4668 nerum
653 4617 734 4668 5555.

479 4705 505 4771 ²)
533 4707 744 4762 Orelli-Beonan
764 4707 808 4760 75.
829 4711 911 4760 4055.
931 4709 1017 4772 6556,
1045 4711 1107 4760 item
1129 4707 1206 4778 pirbt'
1225 4707 1326 4761 urbano
1352 4711 1447 4776 passim
1472 4709 1544 4772 (ride
1561 4711 1668 4761 Hannon
1688 4709 1744 4760 ind.

402 4815 428 4865 p.
444 4799 516 4863 150).

479 4889 505 4954 ⁸)
533 4893 595 4944 voi.
607 4893 631 4942 V
643 4909 669 4944 ιι.
685 4893 755 4944 5541
772 4911 805 4938 a
820 4893 927 4944 ttamen
941 4890 1023 4946 5551.

478 4982 503 5045 ⁴)
531 4985 687 5050 Marquardt
707 4983 952 5052 summatum
968 4988 992 5049 1,
1006 4986 1070 5036 505.

480 5073 503 5136 ⁵)
531 5077 593 5142 nug.
608 5077 652 5138 ιο,
667 5079 694 5138 s,
710 5077 735 5128 a.

478 5161 503 5229 ⁸)
532 5168 566 5218 V.
585 5183 678 5221 cotum.
697 5183 784 5219 meum
804 5183 829 5233 p.
843 5171 912 5232 4123
932 5168 1089 5234 Marquardt
1106 5163 1353 5234 Stuotsurrroudtunp
1370 5171 1394 5230 1,
1410 5169 1472 5218 blo.

478 5255 503 5322 τ)
531 5259 633 5312 Becker
651 5261 679 5312 iu
698 5259 796 5313 anchir.
811 5263 838 5324 5,
852 5263 878 5325 5,
893 5261 956 5313 456.
970 5263 1041 5323 441;
1060 5259 1213 5325 Marqusrdt
1232 5259 1266 5308 ib.
1287 5261 1314 5322 5,
1329 5257 1356 5322 5,
1369 5257 1432 5310 555.
