3850 5852
419 495 492 566 268
741 490 1024 544 OBSERVATIONES
1048 491 1302 546 EPIGRAPIIIGAE
1325 492 1423 546 XVIII.

1593 617 1732 626 ——u—-—

419 701 524 766 Africa
547 708 647 784 gestas
668 707 850 766 ornamenta
866 702 1070 786 triumphalia
1084 701 1184 766 denuo
1199 706 1398 785 statuamque
1413 701 1586 766 laureatam
1599 702 1741 783 (Tacitus

420 827 491 869 ann.
503 804 533 884 4,
548 805 613 887 23).
650 805 765 870 Romae
789 811 996 870 commoratus
1019 827 1074 888 per
1096 825 1192 869 001100
1213 811 1377 888 sequentes
1400 803 1541 887 (Tacitus
1563 826 1634 868 ann.
1647 805 1676 884 3,
1689 807 1740 871 64.

418 910 448 988 4,
463 907 512 971 13.
526 907 593 990 22.)
609 907 728 990 legatus
744 906 927 972 Germaniae
949 908 1104 973 inferioris
1126 909 1226 972 iactus
1242 913 1288 972 est
1308 929 1334 972 a.
1348 907 1389 972 28
1404 907 1547 990 (Tacitus
1563 928 1633 972 ann.
1646 907 1677 988 4,
1690 908 1739 972 13.

420 1009 549 1091 11,19);
574 1029 646 1072 0010
671 1029 740 1072 eam
762 1009 948 1091 legationem
972 1011 1026 1094 qui
1041 1011 1104 1074 filio
1127 1011 1271 1074 tribuunt
1292 1029 1327 1074 eo
1348 1016 1487 1094 tempore
1509 1009 1646 1074 nondum
1670 1031 1741 1076 con-

418 1112 479 1177 suli
502 1112 597 1190 lacto,
624 1111 759 1194 graviter
781 1119 894 1176 errant.
939 1113 1033 1178 Recte
1059 1121 1164 1178 autem
1188 1113 1296 1197 opinor
1318 1111 1357 1176 ad
1380 1129 1450 1176 eum
1472 1112 1661 1177 rettulerunt
1682 1114 1740 1178 viri

419 1215 501 1279 docti
514 1215 640 1278 titulum
653 1213 933 1296 Mogontiaceusern
946 1215 1054 1298 (Orell.
1067 1215 1150 1281 2916
1159 1243 1201 1268 =
1212 1214 1387 1280 Brambach
1398 1215 1476 1296 931)
1488 1214 1629 1279 mulieris
1640 1215 1741 1280 cuius-

420 1319 491 1382 dam
513 1318 588 1382 civis
604 1317 761 1382 Romanae
782 1319 905 1380 mot-ioue
920 1316 1053 1381 Neruico
1072 1319 1209 1381 immunis
1224 1316 1388 1400 bmgfidio)
1404 1315 1471 1401 [L]
1489 1317 1620 1402 Apromi.
1647 1317 1740 1400 Lega-

419 1421 538 1485 tIonem
561 1419 759 1498 Germaniae,
787 1421 819 1484 in
847 1441 909 1504 qua
936 1420 1054 1484 cladem
1077 1441 1096 1484 a
1117 1419 1222 1484 Frisiis
1245 1421 1373 1506 accepit,
1397 1443 1468 1485 eum
1491 1421 1678 1506 protraxisse
1700 1421 1740 1484 ad

420 1545 446 1588 a.
461 1523 502 1587 34
524 1544 586 1587 000
611 1523 686 1586 00110
702 1530 783 1588 00110
800 1524 932 1588 efficitur
955 1545 992 1588 ex
1009 1523 1110 1588 Taciti
1132 1523 1197 1588 loco
1213 1523 1243 1604 6,
1254 1523 1309 1588 30:
1329 1521 1508 1588 Gaetulicam
1521 1545 1556 1586 00
1571 1533 1742 1608 tempestate

419 1628 585 1711 superioria
611 1623 799 1690 Germaniae
825 1627 952 1710 legiones
978 1623 1107 1688 curabat
1130 1627 1306 1710 mirumque
1332 1647 1467 1690 eumaem
1493 1626 1649 1690 adsecutus
1675 1637 1742 1690 erat

419 1729 531 1814 effusae
560 1728 745 1808 oleumcum,
779 1730 915 1792 modicam
946 1729 1100 1792 severitate
1131 1738 1158 1791 et
1186 1730 1329 1814 proximo
1359 1749 1480 1814 quoque
1511 1730 1656 1792 mercitui
1682 1751 1741 1815 per

418 1831 457 1896 L.
484 1833 660 1917 Apronium
685 1852 821 1894 socerum
845 1853 908 1894 mou
935 1833 1086 1916 ingratus.
1135 1829 1285 1896 Lentulus
1312 1831 1490 1896 Gaetulicus
1521 1832 1628 1897 consul
1654 1833 1740 1898 026

420 1957 491 2000 0010
514 1934 697 2019 perdecem
721 1955 817 1998 annos
841 1933 1024 1998 Germaniae
1051 1933 1202 2018 superiori
1227 1935 1423 2019 praefuisset,
1450 1935 1545 2020 periit
1569 1935 1740 2019 imperante

420 2037 495 2102 Gaio
519 2037 701 2119 0390110
724 2037 776 2114 59,
792 2035 857 2117 22).
904 2036 964 2100 Sed
988 2057 1178 2120 quamquam
1201 2037 1307 2102 eodem
1335 2043 1473 2121 tempore
1495 2038 1637 2102 Tiberius
1658 2059 1740 2104 soce·

420 2163 488 2204 rum
517 2139 669 2218 inferiori,
698 2159 845 2221 generum
873 2139 1023 2223 superiori
1051 2139 1201 2204 exercitui
1228 2140 1408 2224 praefecisse
1433 2141 1570 2219 videtur,
1600 2146 1636 2204 ut
1661 2141 1740 2206 nihil

420 2243 552 2328 impedit
573 2243 618 2307 ita
640 2243 718 2306 nihil
741 2242 879 2325 cogitat
901 2249 1067 2326 utrumqne
1097 2243 1135 2306 ad
1162 2251 1293 2307 mortem
1319 2263 1417 2326 usque
1439 2243 1557 2308 Tiberii
1578 2245 1609 2309 in
1633 2245 1740 2310 eodem

421 2347 519 2412 olfieio
542 2345 747 2430 permansisse
762 2351 946 2410 statuamus.
982 2345 1062 2410 Utut
1084 2353 1140 2423 est,
1163 2366 1198 2409 00
1221 2367 1281 2430 quo
1300 2345 1436 2410 Velleius
1459 2348 1581 2432 scripsit
1603 2353 1741 2432 tempore

421 2471 448 2514 a.
467 2450 509 2518 30
530 2449 688 2534 Apronius
711 2448 874 2512 etiamtum
897 2448 930 2512 in
952 2448 1033 2512 vivis
1055 2447 1178 2512 videtur
1199 2449 1302 2514 fuisse.
1341 2449 1450 2514 Postea
1473 2470 1535 2514 000
1557 2471 1740 2516 0001010100-

420 2559 507 2616 10101
529 2559 561 2616 01
581 2557 618 2616 ut
633 2551 749 2615 Tiberii
772 2557 913 2636 tempora
935 2551 1083 2633 effugerit,
1107 2557 1231 2636 propter
1246 2559 1386 2616 exactam
1410 2559 1545 2617 aetatem
1563 2553 1616 2618 diu
1635 2575 1740 2639 super-

421 2677 486 2720 esse
508 2675 571 2719 000
594 2655 705 2740 potuit.
743 2654 825 2718 Satis
847 2661 952 2719 autem
977 2660 1104 2739 apparet
1125 2654 1158 2718 L.
1175 2653 1348 2739 Apronium
1372 2662 1404 2719 et
1425 2663 1551 2740 propter
1572 2656 1739 2721 militarem

420 2758 607 2822 industriam
629 2779 662 2821 er
684 2763 810 2842 propter
832 2757 925 2822 fidem
941 2757 1087 2822 adversus
1109 2757 1329 2842 imperatorem
1349 2758 1387 2822 ab
1406 2759 1582 2823 adulatione
1598 2759 1740 2842 (Tacitus

421 2883 492 2925 ann.
509 2861 539 2940 2,
555 2860 612 2941 32)
638 2881 700 2924 000
727 2859 860 2924 alienam
887 2860 970 2926 inter
998 2860 1152 2946 principes
1179 2861 1289 2926 aetatis
1318 2861 1501 2926 Tiberianae
1530 2863 1611 2928 viros
1637 2863 1739 2927 locum

421 2963 622 3048 conspicuum
645 2963 825 3028 obtinuisse.

504 3066 630 3130 Praeter
652 3066 732 3130 filias
755 3066 842 3146 duas,
866 3086 999 3150 quarum
1021 3066 1127 3150 nupsit
1142 3067 1249 3144 altera,
1273 3071 1309 3130 ut
1331 3067 1422 3131 modo
1445 3067 1593 3146 vidimus,
1604 3067 1739 3136 ¹Lentulo

421 3169 579 3234 Gaetulico
607 3169 726 3234 consuli
752 3191 779 3234 a.
802 3169 857 3248 26,
889 3169 987 3232 011010
1013 3169 1134 3233 Plautio
1162 3169 1288 3232 Silvano
1314 3170 1449 3254 praetori
1475 3191 1502 3234 0.
1527 3171 1569 3236 24
1594 3171 1739 3254 (Tacitus

421 3272 538 3351 0004,
555 3272 620 3355 22),
644 3272 741 3336 filium
765 3271 930 3336 1101101111.
953 3272 1126 3356 Apronium
1149 3271 1344 3352 Caesianum,
1368 3274 1455 3338 cuius
1478 3273 1605 3356 plenum
1627 3294 1739 3338 nomen

420 3381 544 3440 servant
571 3365 643 3438 fasti
667 3375 811 3439 Antiates
838 3375 933 3439 roll
961 3375 1065 3458 [1327
1091 3383 1122 3438 01
1149 3381 1218 3438 0010
1240 3375 1400 3438 Arvalium
1429 3395 1456 3436 a.
1480 3374 1520 3438 39
1548 3375 1593 3458 (p.
1610 3375 1739 3440 XLVIII

422 3476 573 3559 Hermen).
607 3476 755 3542 Meruisse
778 3499 850 3542 eum
872 3500 898 3542 a.
915 3499 944 3562 p.
962 3477 1089 3542 1111120
1111 3479 1143 3540 10
1158 3478 1264 3541 Alrica
1286 3478 1342 3542 sub
1366 3483 1453 3561 patre
1468 3497 1562 3560 supra
1577 3499 1615 3542 ex
1632 3477 1739 3543 Tacito

422 3579 608 3656 101101111100,
633 3581 878 3664 confirmantque
893 3579 1040 3644 carmina.
1073 3573 1222 3662 Legatum
1245 3601 1316 3644 eum
1338 3579 1421 3664 patri
1442 3580 1475 3644 in
1491 3581 1626 3646 Africam
1650 3581 1740 3646 ivisse

425 3683 525 3748 adhuc
547 3683 606 3746 viri
628 3681 709 3748 docti
732 3689 908 3748 statuerunt
924 3703 986 3746 non
1001 3681 1066 3746 sine
1082 3683 1314 3767 probabilitate;
1338 3689 1371 3746 at
1386 3704 1457 3747 cum
1472 3684 1533 3746 iam
1551 3705 1588 3748 ex
1604 3683 1740 3750 carmine

423 3786 620 3868 intellegatur
644 3786 745 3850 filiurn
772 3807 807 3850 eo
834 3791 973 3870 tempore
997 3785 1160 3869 pueritiam
1185 3786 1237 3850 via
1260 3807 1414 3870 egressum
1436 3807 1536 3870 neque
1559 3786 1622 3850 ullo
1645 3787 1740 3869 magi-

423 3897 524 3956 stratu
547 3889 709 3954 etiamtum
725 3889 864 3952 iunctum
881 3909 984 3972 pugna
1000 3895 1137 3972 tempore
1153 3909 1215 3952 non
1230 3889 1390 3968 senatoris,
1412 3889 1466 3952 sed
1483 3888 1594 3972 equitis
1609 3889 1741 3954 Romani

423 3995 490 4058 loco
512 3993 621 4073 fuisse,
644 4013 706 4056 non
729 3991 847 4074 legatus
871 4001 991 4076 patrem
1013 3992 1177 4055 comitatus
1201 3999 1261 4068 est,
1287 3992 1341 4055 sed
1364 3998 1418 4056 001
1439 3993 1582 4056 tribunus
1606 3993 1740 4056 militurn

423 4097 551 4179 legionis
573 4095 631 4159 ivit
647 4103 701 4158 aut
716 4116 817 4158 comes
838 4095 1055 4184 tantummodo
1072 4102 1102 4158 et
1118 4095 1355 4159 contubernalis.
1387 4095 1650 4179 Septemviratum
1670 4117 1741 4159 enm

424 4222 496 4265 mox
519 4199 671 4282 accepisse
694 4204 821 4282 propter
842 4198 965 4261 laudem
988 4198 1069 4262 bello
1092 4198 1151 4262 sibi
1173 4204 1294 4282 partam
1317 4219 1356 4261 ex
1379 4199 1435 4262 hoc
1458 4196 1550 4262 titulo
1573 4198 1739 4281 colligitur;

423 4303 541 4368 scilicet
563 4323 633 4366 oum
656 4307 780 4384 propter
802 4306 935 4364 aetatem
955 4301 1152 4384 magistratus
1175 4323 1332 4385 capessere
1348 4321 1410 4364 non
1433 4309 1546 4385 posset,
1570 4302 1740 4367 sacerdotio

424 4412 590 4471 exornatus
613 4410 660 4468 001
681 4405 733 4484 (of.
751 4403 814 4468 Liv.
831 4404 882 4482 40,
898 4404 950 4483 42,
966 4404 995 4470 8.
1023 4404 1075 4482 42,
1090 4405 1220 4488 21113).
1256 4404 1374 4468 Deinde
1396 4426 1423 4468 a.
1440 4403 1481 4468 39
1504 4425 1574 4468 cum
1595 4405 1661 4488 ipso
1683 4406 1739 4469 im-

424 4517 563 4594 peratore
579 4507 654 4572 Gaio
674 4507 771 4570 fasces
787 4528 858 4570 eum
872 4507 999 4588 gessisse
1017 4506 1090 4570 lasti
1105 4507 1246 4570 Antiates
1261 4513 1293 4572 et
1307 4513 1377 4570 0010
1391 4507 1554 4570 Arvalium
1570 4505 1741 4572 docuerunt

424 4612 469 4676 ita
492 4616 679 4694 comparata,
704 4615 738 4674 01
754 4629 815 4673 000
831 4609 943 4673 iterum
960 4617 1037 4690 tum,
1058 4608 1111 4673 sed
1127 4609 1262 4692 primum
1285 4629 1355 4672 eum
1371 4608 1528 4672 consulem
1543 4611 1659 4672 sactum
1676 4631 1740 4674 esse

425 4713 603 4794 ostendent3
630 4713 712 4796 quod
739 4733 848 4777 moneo
871 4719 996 4796 propter
1018 4732 1151 4776 errorem
1176 4733 1194 4775 a
1216 4711 1401 4795 Nipperdeio
1423 4711 1456 4774 in
1479 4711 1679 4777 adnotatione
1702 4712 1740 4776 ad

425 4816 569 4880 Tacitum
593 4837 663 4879 ann.
681 4815 710 4894 3,
727 4815 766 4879 21
791 4814 997 4879 commissum.
1032 4814 1194 4878 Praeterea
1216 4813 1366 4878 memoria
1387 4813 1453 4878 eius
1475 4835 1537 4878 non
1561 4823 1656 4893 extat,
1681 4816 1741 4879 nisi

425 4919 507 5002 qood
530 4917 569 4981 ad
591 4939 662 4982 eum
689 4917 841 5000 pertinere
868 4917 1013 4980 videntur
1040 4937 1118 5000 quae
1140 4915 1260 4980 Plinius
1286 4915 1382 4980 tradit
1409 4916 1437 4979 11.
1461 4937 1492 4980 0.
1517 4917 1565 4994 11,
1589 4917 1641 4992 31,
1663 4917 1739 4980 213;

423 5021 463 5084 L.
476 5023 601 5105 Aproni
621 5020 791 5083 omas-reluces
805 5020 867 5081 ciri
880 5019 950 5099 filio
973 5021 1120 5082 detractos
1142 5021 1247 5104 adapes
1265 5020 1457 5103 (orabamque
1470 5039 1578 5104 corpus
1593 5018 1743 5081 immobili

424 5145 519 5187 00010.
550 5123 643 5209 Apud
659 5123 792 5187 eundem
808 5143 887 5206 quae
902 5123 1103 5186 nominantur
1117 5144 1221 5185 cerasa
1236 5123 1424 5208 Api-cuicum
1440 5119 1527 5203 (11.0.
1541 5120 1741 5204 1010101)

425 5227 507 5290 unde
530 5247 643 5290 nomen
666 5225 828 5306 traxerint,
851 5225 1017 5307 ignoratur.
