3848 5850
421 579 470 649 90
1018 591 1169 654 emuna

508 772 541 832 G.
569 772 721 834 Publicius
749 773 960 834 V'uurtiensium
987 773 1105 834 libertus
1133 775 1281 834 Asiaticus
1306 773 1416 834 Viruni
1446 773 1482 836 O.
1504 775 1530 836 1.
1551 773 1588 834 L.
1613 774 1658 836 111
1681 773 1762 836 esto

584 874 641 947 (-..—.
659 873 755 936 Orell.
771 875 880 952 3017).

508 979 542 1048 Q.
565 975 717 1038 Publicius
739 975 864 1056 Lucifer
885 975 1006 1037 (leleieo
1031 976 1066 1036 C.
1082 977 1108 1036 1.
1123 975 1157 1036 L.
1176 977 1221 1037 111
1239 975 1331 1036 stul.

460 1079 562 1156 Atque
588 1081 667 1138 inter
689 1077 845 1140 Publicius
872 1079 984 1156 ubique
1010 1079 1087 1138 setis
1115 1079 1287 1156 frequentes
1309 1074 1421 1140 similia
1442 1089 1601 1160 praeterea
1621 1081 1763 1159 exemplu

459 1181 655 1259 reperientur.

419 1279 550 1344 Senatus
573 1283 726 1342 Tiburtini
746 1281 858 1356 liberti,
880 1290 913 1342 ut
933 1281 1083 1354 videntur,
1103 1281 1174 1343 dicti
1196 1291 1268 1344 sunt
1290 1282 1416 1344 sonarit:

503 1383 641 1445 Suectius
663 1384 786 1461 Neplton
808 1393 834 1444 et
854 1385 977 1446 Seuutio
999 1385 1097 1445 Flora
1117 1383 1232 1446 Tibure
1252 1384 1379 1446 Henzen
1395 1385 1487 1446 6402.

417 1487 626 1547 Aeeeueorum
647 1487 817 1547 velaturum
837 1487 966 1548 libertus
989 1487 1131 1548 Velocius:

501 1589 533 1648 T.
565 1587 692 1649 Valetius
722 1607 903 1650 accensorum
932 1591 1090 1650 celatorum
1120 1591 1238 1650 libertus
1268 1589 1447 1666 Ganymedes
1479 1591 1597 1652 Romee
1625 1587 1762 1653 Fabretti

587 1691 647 1750 433
663 1691 718 1751 IV.

416 1791 550 1854 Febrem
573 1797 813 1854 centonariorum
836 1795 992 1852 Fabricius
1016 1791 1186 1854 Centenium

501 1895 653 1956 Fabricius
682 1893 834 1956 Centenius
862 1891 1046 1970 collegiorum
1073 1895 1191 1954 libertus
1216 1903 1248 1954 et
1274 1895 1415 1956 Fabricio
1445 1893 1584 1956 Centenio
1616 1897 1761 1958 Arethusa

582 2015 657 2060 uxor
679 1996 803 2056 Brixiae
826 1993 861 2058 C.
878 1997 903 2055 1.
920 1995 955 2055 L.
972 1994 997 2054 V
1017 1994 1108 2056 tute.

415 2099 569 2159 Interdum
597 2100 687 2160 etium
715 2097 784 2176 ipsa
803 2098 847 2157 rei
870 2094 1010 2176 publicae
1032 2099 1154 2158 nomine
1174 2099 1415 2176 usurpabuntur,
1441 2099 1495 2159 sed
1518 2101 1614 2160 libere
1636 2109 1759 2160 mutata.

415 2201 463 2262 ltu
484 2201 580 2261 Polae
602 2211 722 2278 reperta
744 2213 806 2258 est:

499 2303 645 2363 Pollentia
668 2303 811 2362 stocesau
832 2302 961 2361 colonius
982 2301 1114 2360 Poleasis
1136 2301 1238 2362 liberte
1261 2300 1296 2361 Ο.
1313 2302 1337 2361 l.
1354 2303 1389 2364 L.
1405 2302 1436 2362 V
1451 2305 1502 2364 83.

415 2405 518 2466 Veiis:

509 2507 649 2568 Vcientius
666 2507 824 2566 laauoriue
840 2507 956 2565 libertus
978 2506 1115 2566 crltoriue
1132 2504 1261 2578 (ordinis
1275 2503 1460 2581 Veientium)
1477 2506 1761 2581 Frumentum.

414 2609 534 2668 Deinde
564 2608 744 2685 'cognomina
772 2609 969 2685 oppidorum,
1003 2609 1086 2666 velut
1114 2605 1291 2677 Claudium,
1322 2605 1498 2667 libertorrun
1531 2613 1652 2669 nornine
1682 2610 1763 2670 lucta

414 2721 494 2784 sunt,
518 2722 565 2770 ut:

501 2813 545 2873 19.
571 2812 712 2874 Claudius
735 2814 884 2888 municipii
908 2811 1035 2872 Celeiuni
1055 2810 1175 2870 libertus
1195 2809 1296 2870 Fauor
1318 2809 1438 2873 Geleiue
1462 2811 1496 2870 C.
1512 2813 1536 2872 l.
1553 2813 1587 2872 L.
1603 2811 1652 2876 ΙΙΙ
1668 2811 1761 2874 5227.

502 2915 628 2974 Claudio
649 2913 758 2974 Suom
780 2913 943 2972 colonorum
966 2914 1069 2972 liberto
1093 2912 1252 2994 Luguduni
1276 2912 1402 2973 Henzen
1419 2915 1511 2975 6999.

498 3015 535 3075 Ρ.
564 3015 703 3076 curcua
732 3019 818 3074 bium
848 3013 1016 3075 Galliarum
1044 3014 1160 3074 libertus
1189 3013 1374 3075 Abueeuntus
1402 3016 1492 3092 (item
1520 3015 1559 3076 ab
1587 3016 1758 3094 Luguduno

583 3119 698 3193 dictus)
721 3117 846 3176 Henzen
863 3115 954 3176 6393.

417 3218 458 3279 Hi
485 3219 578 3298 igitur
604 3238 708 3278 omnes
735 3219 951 3278 adiectivorum
972 3237 992 3276 a
1012 3217 1089 3280 loeis
1112 3218 1315 3278 derivatorum
1336 3219 1450 3278 formas
1470 3227 1633 3281 consuetas
1654 3221 1684 3280 in
1706 3239 1759 3282 no·

415 3322 565 3390 minibus,
595 3339 673 3397 quae
702 3321 790 3380 liberi
818 3321 889 3380 laeti
916 3337 1021 3398 gerere
1047 3319 1220 3392 voluerunt,
1250 3319 1385 3379 studiose
1412 3323 1592 3383 vitaverunt.
1636 3321 1761 3383 Dixerit

413 3433 514 3484 autem
536 3425 645 3499 aliquis
669 3423 791 3482 nomina
811 3422 865 3482 illa
885 3423 998 3491 omniu,
1020 3440 1097 3499 quae
1119 3421 1209 3480 modo
1230 3421 1390 3498 adscripsi,
1411 3443 1467 3500 per
1488 3424 1696 3500 exceptionem
1716 3427 1760 3482 ita

413 3525 542 3584 formate
564 3543 640 3596 esse,
663 3526 772 3584 instem
786 3542 858 3582 vero
881 3523 1128 3583 consuetudinem
1150 3521 1291 3602 exempla
1312 3525 1467 3584 nominum
1489 3525 1520 3584 in
1542 3543 1617 3584 unus
1639 3525 1759 3584 anobis

413 3629 583 3704 composite
604 3627 757 3702 praebere.
791 3623 849 3686 Sed
871 3625 930 3684 trie
944 3625 1127 3702 protulimus
1142 3626 1282 3700 exempla
1296 3625 1326 3683 in
1342 3625 1441 3685 indice
1456 3628 1553 3699 tertio,
1575 3644 1653 3704 queo
1668 3645 1758 3704 quem

413 3730 452 3786 ad
469 3729 588 3790 modum
604 3725 703 3788 liberti
721 3728 847 3786 Aeoleni
863 3724 984 3803 Capuae
999 3725 1125 3784 Venafri
1148 3727 1328 3804 oppidorum
1350 3727 1423 3786 dicti
1445 3737 1517 3788 sunt
1537 3727 1757 3790 demonstrant:

412 3831 553 3894 nimirum
575 3829 733 3888 Aeoluniua
757 3827 933 3905 Campaniae
955 3830 1155 3900 Venafraniue.
1177 3845 1237 3886 non
1258 3827 1404 3888 decianae
1427 3827 1595 3906 Campanus
1613 3829 1758 3907 Venafro·

411 3950 476 4002 aua,
498 3931 639 3991 videlieet
659 3933 773 4007 etipsa
787 3935 832 3990 ius
848 3931 1054 3989 terminatione
1070 3930 1290 4008 gentiliciorum
1306 3929 1445 3989 sollemni
1458 3929 1587 3992 liberum
1602 3931 1757 3992 hominum

411 4033 532 4094 illorum
559 4033 763 4093 condicionem
789 4033 901 4092 diserte
926 4031 1069 4092 indicent.
1112 4035 1216 4107 Atque
1239 4049 1305 4090 eam
1328 4051 1361 4090 re
1382 4045 1455 4090 veru
1475 4032 1569 4092 luisse
1590 4033 1622 4092 iu
1644 4031 1757 4092 talibus

411 4135 585 4194 hominibus
614 4133 803 4194 nominandis
829 4133 1079 4194 consuetudinem
1102 4134 1220 4192 videtur
1246 4134 1335 4192 etiem
1359 4138 1488 4212 prebere
1505 4133 1651 4196 Varronis
1673 4135 1758 4196 testi·

411 4237 546 4296 monium
573 4253 671 4313 neque
692 4237 731 4294 ab
753 4235 921 4297 editoribus
942 4253 1000 4294 neo
1020 4255 1040 4293 a
1060 4233 1143 4294 Gnii.
1165 4234 1225 4293 Ad.
1250 4231 1413 4294 Beckero
1441 4236 1490 4310 (iu
1513 4229 1677 4297 enchiridio
1699 4253 1757 4297 suo

411 4338 623 4415 antiquitatum
638 4337 843 4398 Romanorum
858 4335 890 4396 Il
908 4340 921 4395 1
940 4353 970 4413 p.
983 4337 1023 4396 80
1038 4336 1110 4396 adn.
1125 4331 1197 4408 183)
1219 4335 1348 4395 feliciter
1371 4344 1545 4405 tractatum
1566 4337 1650 4397 coins
1672 4335 1757 4398 teeti·

413 4441 505 4500 monii
527 4439 703 4516 perticulam
727 4457 820 4518 supra
841 4440 901 4498 iam
923 4439 955 4497 in
979 4456 1066 4496 usum
1087 4437 1270 4498 vocavimus

497 4541 651 4618 Exposuit
667 4541 746 4602 enim
758 4541 857 4602 Varro
879 4540 937 4604 suh
960 4540 1048 4598 finem
1070 4537 1139 4599 libri
1160 4538 1198 4597 de
1219 4539 1324 4615 lingua
1340 4537 1451 4600 Latina
1465 4542 1564 4600 octavi
1588 4541 1632 4615 (8,
1649 4541 1756 4616 else.)

410 4645 441 4701 in
464 4643 631 4718 numinibus,
654 4661 729 4720 quae
750 4643 884 4717 werbert
905 4640 1103 4712 uoaoululir,
1126 4639 1156 4699 id
1178 4650 1227 4700 est
1247 4639 1277 4698 iu
1298 4639 1469 4701 nominibus
1489 4641 1622 4722 propriis
1637 4661 1755 4704 eormn·

410 4763 470 4824 que
492 4745 647 4817 derivatis,
669 4761 729 4805 nou
752 4753 905 4804 servatum
926 4759 997 4803 esse
1010 4741 1192 4818 analogiam.
1225 4739 1321 4803 Cuius
1336 4745 1380 4803 rei
1397 4742 1511 4819 aliquot
1526 4741 1640 4822 prolert
1654 4761 1755 4804 uxum·

410 4845 478 4924 pla,
505 4863 583 4922 queo
605 4847 676 4906 olim
700 4849 840 4912 narravi,
863 4845 912 4903 hie
936 4863 1006 4903 vero
1028 4845 1144 4904 omitto.
1190 4843 1309 4906 Deinde
1328 4843 1405 4906 haee
1427 4857 1568 4908 securatur
1590 4847 1746 4908 secundum

411 4945 517 5007 librmn
543 4947 753 5010 Florentinum
773 4948 823 5006 hio
845 4963 863 5004 a
885 4964 932 5006 me
954 4945 1125 5023 perscripta
1145 4957 1175 5004 et
1195 4947 1226 5004 in
1250 4947 1354 5022 prucis
1377 4958 1506 5008 mutata:

569 5051 639 5110 run
661 5069 735 5128 quae
757 5049 856 5108 unm
878 5031 1275 5125 erendelenorum
1298 5048 1429 5109 manu
1447 5049 1576 5109 Antan
1595 5047 1757 5124 mum,

566 5155 697 5214 sitailiter
714 5150 845 5228 Cyzicius
867 5149 926 5210 dici
948 5147 1098 5221 deberst¹)
1121 5152 1191 5210 ciuis
1207 5153 1409 5226 uaruaquiaque.
1443 5149 1653 5229 Numquis)
1668 5151 1756 5211 nue-

565 5273 655 5315 nueur
676 5255 783 5314 dieitur
804 5253 902 5314 rietur
923 5255 1035 5312 nominc
1056 5257 1109 5311 etei
1129 5271 1186 5312 aun
1208 5255 1247 5310 ait
1264 5248 1454 5324 Atheniensis,
1478 5255 1507 5310 tn
1530 5253 1583 5316 iou
1602 5257 1669 5330 ipso
1684 5271 1754 5314 oan-
