3850 5852
446 576 501 630 sc.
520 577 571 629 on
592 563 775 630 nvnorurs
794 576 936 630 saurus
953 577 1174 632 uuomnsrs.
1405 557 1479 631 ‘281

135 751 245 814 Lucilii
269 754 406 814 A'fricsni
433 749 556 830 veuit¹)
583 763 673 831 atque
699 753 742 812 its
769 753 860 820 etiem
886 753 914 812 is
942 755 1030 814 locus
1054 755 1104 814 ubi
1130 755 1281 814 nundinae
1302 755 1482 832 agebantur.

136 856 298 934 Emptioue
325 865 425 917 nutem
454 857 596 926 territorii
624 855 771 920 Africano
799 857 847 916 ius
875 857 1075 916 nundinarum
1104 875 1165 918 riou
1192 859 1423 934 adquirebatur,
1451 858 1484 918 id
1588 861 1590 864 ’

136 959 216 1020 enim
238 959 471 1038 haudqusqos'm
494 960 561 1018 loco
583 959 741 1032 adhaeret,
767 959 820 1020 sed
843 960 1002 1038 privilegio
1025 961 1219 1038 imperatoris
1242 965 1404 1020 seustusve
1425 961 1482 1020 rei·

136 1062 273 1139 publicae
301 1061 391 1122 elicui
417 1062 571 1124 bomiuiue
595 1061 745 1122 tribuitur.
788 1059 994 1122 Nihilominus
1021 1063 1080 1122 loci
1105 1062 1228 1124 domiuo
1250 1083 1316 1124 oum
1339 1064 1387 1124 ius
1409 1083 1483 1124 nun·

137 1165 276 1224 diusrum
307 1165 513 1224 habendarum
542 1165 600 1224 soli
629 1163 719 1225 tribui
747 1175 869 1242 posset,
902 1174 1021 1244 poterat
1050 1167 1077 1224 is
1106 1165 1328 1242 quodammodo
1353 1165 1392 1226 de
1418 1166 1484 1227 iure

138 1267 241 1344 aliquo
274 1285 331 1327 suo
359 1267 455 1346 loqui.
510 1265 571 1328 Sed
605 1269 679 1326 baec
711 1275 746 1326 ut
778 1269 902 1328 omnino
933 1269 1051 1328 incerto
1083 1279 1166 1339 sunt,
1200 1268 1243 1328 its
1271 1269 1404 1328 fortune
1436 1286 1484 1328 res

137 1370 229 1448 longe
256 1369 345 1432 sliter
372 1387 407 1429 se
434 1369 533 1429 bsbet.
578 1369 644 1430 Etsi
671 1371 749 1428 enim
776 1371 856 1448 spud
879 1369 954 1432 iuris
977 1381 1116 1432 auctores
1145 1371 1221 1432 nibil
1248 1369 1285 1430 de
1312 1391 1348 1432 eo
1370 1391 1403 1432 rc
1425 1378 1484 1431 tru-

138 1473 233 1546 ditur,
259 1472 416 1550 probabile
444 1481 542 1534 tsmun
571 1481 619 1532 est
643 1491 704 1534 oon
732 1474 891 1552 uuicuique
917 1475 965 1534 ius
993 1475 1193 1533 nundinarum
1219 1483 1320 1552 petere
1347 1473 1484 1534 licuisse:

140 1576 271 1634 lomnes
299 1575 347 1634 ius
374 1575 450 1634 illud
478 1595 517 1636 ex
539 1575 664 1652 priuatis
691 1593 752 1635 non
774 1577 963 1636 tribuebatur
987 1576 1045 1636 nisi
1068 1577 1296 1652 possessoribus
1319 1577 1366 1634 vel
1389 1577 1485 1636 maior
1593 1627 1596 1634 .

139 1695 250 1738 census
272 1677 485 1756 postulabatur
506 1687 537 1738 st
557 1697 635 1755 quoe
657 1679 804 1738 eiusmodi
828 1679 1020 1738 condiciones
1042 1680 1210 1756 excogitari
1233 1691 1376 1756 possunt:
1404 1679 1485 1757 quod

140 1781 168 1840 si
190 1781 360 1853 statuimus,
389 1780 456 1840 iura
477 1779 612 1840 Africani
644 1779 842 1857 intellegendo
871 1790 942 1840 suut
968 1781 1103 1856 littoreo,
1136 1783 1247 1860 quibus
1276 1781 1486 1860 comprobavit

140 1901 175 1942 se
198 1878 363 1942 secuudum
385 1883 482 1961 legem
505 1883 553 1944 ius
575 1883 776 1944 nundinorum
797 1883 1034 1944 exercendarum
1058 1883 1216 1962 adquirere
1238 1902 1338 1963 posse.

227 2067 344 2149 Scripsi
369 2071 566 2150 Argentorsti
589 2089 692 2132 mense
714 2070 841 2132 Octobri
868 2069 957 2130 1874.

1147 2190 1187 2252 G.
1214 2191 1401 2253 wirnitum.

503 3203 722 3286 SGHOLlA
748 3203 828 3282 ΤΗ.
855 3203 1134 3286 MOMMSllNI.

146 3473 197 3536 Ad
220 3495 247 3534 u.
265 3475 292 3533 1.
336 3473 522 3534 Territorium
544 3469 790 3530 Musulamiorum
810 3471 853 3530 od
873 3469 967 3530 Cusus
992 3469 1073 3546 quod
1094 3468 1174 3528 iufra
1194 3468 1316 3548 legitur,
1345 3469 1402 3529 boo
1423 3469 1491 3529 loco

188 3577 321 3638 breviter
348 3577 457 3636 dieitur
483 3577 657 3633 territorium
681 3569 815 3632 Cossum.
859 3571 894 3631 ld
922 3573 965 3630 itu
992 3573 1094 3650 accipe
1121 3571 1305 3632 territorium
1332 3572 1398 3634 sive
1420 3589 1491 3649 geu·

189 3689 249 3741 tem
276 3677 437 3757 dupliciter
463 3676 628 3755 significari
655 3695 722 3736 cum
746 3695 765 3734 a
785 3674 890 3754 populi
913 3675 1035 3734 nomine
1057 3683 1119 3734 tum
1142 3675 1181 3734 sb
1202 3675 1316 3753 oppido
1337 3674 1492 3754 primario,

190 3783 252 3842 lere
278 3793 312 3842 nt
332 3781 363 3842 iu
386 3779 490 3841 Gallis
511 3781 575 3839 sive
599 3777 722 3838 Aeduos
749 3777 885 3837 nomines
911 3777 976 3835 siue
999 3777 1263 3854 Augustodunum,
1288 3777 1415 3857 perinde
1436 3783 1492 3836 est.

191 3883 241 3945 ct.
263 3883 356 3944 Kubu
380 3883 557 3960 Versassunp
580 3883 629 3940 des
650 3883 722 3940 rim.
745 3879 862 3940 Reicies
884 3879 913 3950 2,
931 3880 991 3940 405
1004 3897 1068 3958 seq.
1112 3879 1224 3940 Lucilii
1246 3879 1383 3940 Africani
1406 3898 1493 3939 sena-

190 3989 265 4048 toris
291 3985 422 4045 Romani
455 3984 564 4045 saltum
592 3983 781 4062 Begueoeem
809 3995 924 4061 purtem
952 4001 1013 4042 non
1040 3981 1195 4042 minimam
1223 3983 1367 4043 territorii
1394 3983 1492 4060 gentis

190 4089 440 4148 Musulamiorum
462 4086 558 4146 inisse
579 4093 814 4146 consentaneum
837 4093 892 4145 est.

149 4192 198 4252 no
222 4211 251 4249 v.
267 4191 297 4250 2.
340 4191 430 4250 Liber
455 4197 656 4249 sestertiorum
682 4193 713 4247 in
739 4197 842 4248 senatu
869 4190 1011 4248 dictorum
1034 4187 1065 4246 Τ.
1089 4187 1158 4248 Iuni
1179 4187 1271 4264 Nipri
1295 4185 1328 4245 C.
1354 4185 1494 4264 Pomponi

195 4295 339 4356 Camerini
361 4289 568 4369 co(n)s(ulum:
595 4291 638 4348 ita
664 4290 743 4348 enim
772 4291 908 4367 explico)
936 4289 1163 4367 componendus
1186 4299 1235 4348 est
1258 4307 1326 4348 cum
1350 4289 1426 4348 libro
1447 4307 1494 4361 eo,

193 4399 222 4456 in
249 4415 304 4472 quo
332 4405 400 4454 sunt
426 4393 675 4454 senatusconsultu
698 4391 748 4454 Cb.
776 4391 909 4452 Cornelio
930 4391 970 4450 L.
993 4391 1133 4454 Mummio
1158 4409 1215 4454 ros.
1245 4391 1287 4460 (s.
1309 4410 1339 4450 u.
1360 4411 1386 4451 c.
1408 4389 1494 4466 608),

150 4637 315 4650 ι--Ι--σ
350 4639 357 4646 ι

228 4813 253 4879 ¹)
283 4813 424 4866 Frontinus
443 4815 469 4866 ln
489 4821 600 4878 promat.
619 4830 645 4880 p.
666 4813 701 4866 63
720 4814 766 4866 In:
794 4813 822 4864 in
841 4811 944 4879 mirus,
964 4809 1009 4864 ubs'
1026 4809 1109 4863 saltn
1131 4826 1180 4862 uon
1201 4811 1309 4860 irrisores
1328 4804 1420 4874 liabent
1435 4807 1494 4876 pri·

149 4909 206 4960 anti
223 4924 297 4977 quum
314 4904 461 4975 respublica
480 4906 628 4958 territorias
656 4907 719 4974 puio
741 4906 814 4956 isuso
832 4905 918 4956 multis
935 4905 1018 4956 sullus
1042 4905 1117 4971 lonps
1136 4903 1247 4954 micres
1264 4907 1323 4952 sust
1341 4901 1494 4953 territoriis:

151 4999 242 5052 lsudsnt
261 5007 342 5051 mrtem
359 4999 387 5050 s's
405 4996 514 5050 solutu
528 4999 632 5068 privati
649 5013 698 5050 non
716 4998 832 5066 σιίςτιιωι
850 4997 971 5066 populum
985 4994 1112 5066 plebeium
1130 5000 1155 5046 et
1172 5001 1244 5046 oleos
1269 4995 1341 5046 cirea
1359 4995 1449 5045 sillam
1467 4993 1495 5043 s'n

151 5091 249 5144 modum
270 5091 440 5144 munitionum.
479 5092 580 5144 Plinius
599 5091 625 5142 b.
644 5107 671 5144 n.
694 5093 741 5154 ts,
757 5089 787 5154 b,
803 5091 851 5143 ³5:
875 5105 920 5142 sss
938 5088 1035 5141 donini
1052 5087 1176 5141 semissem
1194 5085 1304 5156 Africus
1318 5083 1495 5156 possidebunt,

152 5201 206 5238 cum
216 5183 351 5251 ,intersecui
368 5199 410 5238 sos
427 5181 509 5237 Nero.
