3848 5850
406 563 453 634 92
703 555 706 560 ’
768 571 920 634 nunnae
938 579 1098 642 ovonem
1117 579 1336 634 onouerou.
1356 579 1382 631 1.

404 757 552 835 praebent
576 755 720 813 lucernae
738 753 924 814 Puteolanas
953 757 1060 812 extant
1084 771 1143 811 non
1165 751 1370 828 infrequentes
1393 753 1562 811 amana
1583 753 1747 826 inscriptae

404 859 445 934 (1.
461 857 501 917 N.
518 854 681 931 6308,ts);
705 857 758 916 sed
781 872 859 932 nego
881 873 947 912 eam
960 854 1110 912 -adicctivi
1130 855 1261 914 formem
1281 871 1413 928 unquam
1436 873 1492 930 pro
1513 855 1633 912 nomine
1653 855 1748 930 gentl-

404 961 475 1026 licio
502 959 598 1016 fuisse
625 965 785 1034 receptum.
830 955 978 1016 Videatur
1004 957 1094 1015 etiam
1120 956 1259 1031 quande
1282 953 1747 1032 tagatensibusHenzenueed·

406 1059 524 1119 notavit
545 1060 575 1116 in
597 1059 715 1135 ephem.
737 1077 763 1115 a.
780 1055 859 1116 1872
882 1077 910 1133 p.
928 1055 998 1114 217.
1032 1055 1195 1132 Perpetem
1219 1055 1337 1126 deinde,
1360 1057 1391 1114 ni
1413 1056 1512 1126 fallor,
1534 1057 1565 1114 in
1587 1056 1643 1114 bec
1657 1075 1748 1132 quae·

405 1163 504 1220 stione
527 1162 565 1217 ad
588 1159 668 1218 servi
691 1159 755 1217 eius
777 1158 899 1216 nomine
919 1165 1066 1234 provocet
1079 1157 1244 1230 Beckerue,
1267 1157 1318 1234 qui
1341 1175 1420 1215 anno
1436 1157 1520 1217 urbis
1535 1156 1597 1217 350
1613 1160 1747 1218 Artenae

319 1325 320 1330 η
405 1261 586 1322 Volscorum
609 1259 712 1334 oppidi
734 1278 833 1317 arcem
848 1259 995 1318 Romanis
1016 1257 1181 1318 tradidisse
1195 1257 1291 1319 fertur
1305 1259 1386 1335 apud
1401 1257 1521 1317 Livium
1536 1257 1566 1328 4,
1581 1258 1632 1317 dl.
1665 1257 1746 1318 Nam

404 1363 446 1430 ie,
470 1363 497 1420 si
519 1379 651 1437 unquam
673 1361 745 1431 init,
766 1361 945 1437 periodum
969 1360 1065 1418 dictus
1087 1367 1133 1418 eet
1158 1357 1278 1420 semaa
1299 1361 1461 1430 Romaanus,
1488 1359 1569 1434 quod
1591 1359 1747 1420 Romanos

373 1491 375 1496 v
405 1463 585 1533 servaverim
609 1461 743 1538 pariliter
764 1468 797 1519 ut
812 1461 1035 1520 FertorReslus
1050 1459 1167 1520 illercs
1180 1455 1354 1536 Aequiculus
1370 1467 1400 1520 et
1414 1461 1533 1520 similia.
1570 1461 1612 1519 Et
1626 1461 1748 1536 scripsit

405 1567 536 1626 tortasse
557 1564 594 1634 is,
616 1563 668 1638 qui
688 1562 828 1621 tabellam
851 1564 928 1620 benc
950 1561 1095 1633 narrarit,
1112 1560 1231 1622 Servius
1245 1562 1420 1632 donanim
1443 1581 1511 1624 nam
1528 1561 1646 1624 &rosas
1661 1581 1747 1640 praa-

406 1685 513 1726 nomen
536 1675 589 1723 est.
624 1663 716 1722 Recte
737 1664 882 1723 statuisse
897 1664 1064 1722 Varronem
1087 1662 1227 1740 exempla
1242 1663 1352 1724 docent
1366 1661 1582 1724 Romeniorum
1598 1663 1672 1722 satis
1687 1663 1747 1722 ire·

405 1770 539 1846 quentia,
562 1784 639 1842 quae
661 1783 754 1844 supra
768 1765 925 1843 composui
940 1765 970 1822 in
985 1764 1084 1829 indice
1099 1764 1197 1829 tertio,
1219 1761 1374 1822 bominum
1388 1765 1574 1842 condicionis
1589 1765 1748 1827 libertinae

406 1869 539 1928 omnium
555 1876 585 1930 et
598 1875 688 1926 extre
701 1867 807 1924 urbem
823 1871 943 1940 reperta
955 1865 1109 1941 pleraque.
1141 1864 1283 1926 Romanii
1299 1863 1390 1941 igitir
1403 1865 1449 1924 illi
1464 1873 1517 1930 eut
1530 1866 1749 1926 descenderunt

405 1973 444 2030 eb
461 1969 633 2028 bominibus
649 1967 812 2027 secundum
829 1973 979 2026 vetustum
993 1963 1240 2026 consuetudinem
1262 1965 1434 2025 nominatos
1457 1977 1509 2026 aut
1529 1959 1653 2044 ipsi‘ita
1675 1967 1748 2026 dicti

406 2081 477 2130 eunt
489 2079 595 2130 contra
610 2088 696 2129 usum
711 2068 909 2128 recentiorem
925 2077 1049 2145 propter
1061 2068 1193 2126 rationes
1209 2067 1298 2126 uobis
1312 2067 1441 2144 ignotas.
1465 2069 1507 2128 At
1517 2085 1595 2144 qnae
1606 2068 1638 2127 in
1649 2067 1749 2128 indice

407 2173 537 2230 secundo
559 2171 649 2249 posui
670 2170 859 2246 cognominis
873 2169 1004 2229 Romani
1026 2169 1167 2244 exempla
1187 2168 1258 2228 item
1280 2167 1459 2244 frequentia,
1482 2184 1519 2228 ea
1533 2177 1563 2228 et
1577 2169 1645 2246 ipse
1657 2169 1747 2230 libcn

407 2275 486 2332 tinae
508 2273 626 2348 quidem
650 2271 834 2330 condicionis
853 2269 1008 2329 homiuum
1023 2270 1127 2338 omnia
1140 2277 1221 2342 sunt,
1243 2271 1276 2328 dt
1289 2270 1408 2346 reliqua
1421 2271 1486 2329 eius
1501 2271 1629 2352 generis,
1649 2289 1748 2347 neque

383 2395 477 2434 -sero
499 2375 536 2432 de
559 2374 675 2452 origine
696 2373 849 2432 hominum
870 2372 992 2431 illorum
1014 2371 1088 2430 certi
1110 2371 1274 2448 quidquam
1297 2371 1437 2447 probant.
1478 2371 1584 2447 ltaque
1601 2370 1747 2432 Varronis

405 2475 609 2536 testimonium
637 2475 740 2551 aliqua
764 2473 881 2532 ratione
907 2473 1026 2531 ridetur
1051 2471 1185 2532 indicare
1208 2471 1409 2534 Venafrenioe'
1435 2472 1541 2550 oppidi
1561 2473 1687 2532 libertos
1709 2474 1747 2536 ab

405 2579 458 2650 iis,
482 2577 533 2654 qui
550 2576 791 2636 Venafranorum
813 2571 958 2651 gerebant
979 2593 1102 2645 nomeu,
1125 2575 1276 2634 diversam
1299 2574 1447 2651 originem
1468 2573 1621 2632 babuisse.
1665 2573 1748 2634 Inter

405 2680 529 2740 nornine
554 2677 646 2758 igitur
673 2679 705 2736 in
727 2680 812 2735 onius
831 2672 941 2736 indicis
964 2675 1089 2736 alterius
1110 2675 1338 2752 municipiorum
1360 2675 1462 2736 liberti
1482 2675 1645 2751 quaerendi
1668 2685 1746 2749 sunt,

405 2799 465 2840 non
487 2780 566 2838 inter
587 2798 633 2850 ea,
654 2796 731 2854 quee
753 2777 784 2834 iu
806 2791 880 2838 anas
902 2777 1110 2838 terminantur.

490 2877 553 2940 Sed
579 2879 652 2955 quid
679 2881 718 2939 de
742 2879 791 2937 his
818 2877 1032 2936 statuendum?
1075 2878 1155 2937 Puto
1177 2896 1213 2936 ea
1235 2879 1361 2936 eandem
1384 2877 1505 2936 omuino
1526 2877 1673 2955 originem
1694 2879 1747 2937 ha·

407 2983 510 3042 buiese
539 2991 629 3057 atque
654 2979 808 3058 gentilicia
829 2979 960 3040 Etrusca
979 2981 1011 3038 in
1032 2997 1104 3038 amu
1125 2997 1199 3037 rnna
1221 2988 1250 3038 et
1269 2981 1301 3036 in
1323 2984 1373 3038 inu
1394 2983 1479 3052 inne,
1502 2979 1620 3040 Umbra
1640 2990 1671 3038 et
1691 2979 1747 3047 Sa-

388 3085 479 3144 bina
499 3083 531 3142 in
553 3100 627 3140 unus
649 3096 719 3141 succ
738 3085 815 3153 incr,
836 3080 991 3159 gentilicia
1012 3081 1042 3139 in
1065 3085 1131 3138 insu
1152 3092 1183 3140 et
1204 3097 1281 3151 mus,
1304 3081 1422 3157 reliqua
1443 3097 1503 3140 non
1524 3082 1555 3140 in
1578 3085 1625 3140 iae
1646 3081 1748 3140 termi-

404 3195 488 3246 nata.
526 3182 647 3244 Scilicet
666 3189 701 3240 ut
722 3199 762 3241 ex
784 3181 898 3240 Tuscia
919 3191 949 3240 et
969 3179 1098 3240 Umbria
1117 3189 1148 3239 et
1167 3187 1275 3260 postea
1297 3200 1336 3240 ex
1358 3188 1420 3242 una
1440 3198 1561 3258 quaque
1583 3181 1747 3260 provincie,
1771 3243 1772 3248 ,

384 3265 450 3370 qim
476 3301 515 3344 ex
537 3282 626 3342 Latio
651 3283 888 3360 regionibusque
911 3283 1035 3356 ricinis,
1062 3285 1152 3358 etque
1177 3301 1216 3343 ex
1240 3281 1303 3343 illie
1331 3284 1426 3342 multo
1448 3283 1538 3345 etiem
1560 3283 1748 3362 frequentius

363 3375 373 3405 ³
406 3387 526 3448 atinde
548 3385 587 3444 ab
608 3385 819 3462 antiquissimo
842 3393 987 3460 tempore,
1007 3384 1148 3443 homines
1168 3384 1329 3461 peregrini,
1353 3385 1555 3462 negotiatores
1577 3394 1608 3444 et
1622 3387 1746 3464 opifices

351 3515 352 3519 ¹
391 3488 612 3566 potissimum,
637 3485 767 3546 Romam
788 3487 991 3563 migraverunt
1012 3503 1051 3544 ex
1075 3485 1202 3562 singulis
1225 3485 1345 3563 oppidis
1367 3496 1418 3544 aut
1440 3485 1553 3563 singuli
1576 3497 1628 3546 aut
1648 3489 1746 3566 pauci,

386 3591 487 3670 ‚iique
514 3607 575 3648 non
600 3587 794 3664 patriciorum
816 3587 957 3658 clientes,
983 3585 1085 3663 ibique
1108 3587 1209 3645 sedem
1231 3588 1371 3646 fixerunt.
1416 3586 1457 3646 Hi
1480 3607 1499 3645 e
1518 3587 1666 3654 Romanis
1687 3589 1749 3667 pri·

395 3683 488 3752 *mum
514 3691 645 3751 breviter
671 3689 743 3748 dicti
770 3697 841 3748 eunt
867 3696 919 3746 ent
945 3705 979 3746 se
1002 3688 1088 3765 ipsos
1108 3688 1251 3747 dixerunt
1270 3707 1291 3746 a
1311 3689 1410 3767 patrie
1431 3689 1591 3763 Assaracus
1614 3691 1749 3766 Apionos

407 3773 437 3856 ot
458 3793 504 3854 sic
525 3793 682 3870 deinceps3
704 3791 736 3849 id
756 3789 839 3866 quod
860 3810 893 3848 re
914 3807 987 3849 vera
1007 3788 1163 3851 iudicabat
1183 3809 1250 3856 eum
1268 3791 1373 3866 quiex
1389 3791 1501 3849 desole
1513 3791 1632 3851 Alileve
1647 3792 1749 3854 oriun-

407 3891 465 3954 dus
487 3902 560 3953 eret
597 3893 643 3952 lta
663 3891 727 3950 fere
747 3892 826 3950 inter
846 3898 998 3950 nostrates
1021 3891 1065 3964 (et
1087 3891 1197 3968 ubique
1211 3891 1344 3968 gentium
1366 3891 1455 3968 puto)
1476 3891 1599 3967 opifices
1614 3893 1748 3954 iuniores

407 4013 432 4058 a·
442 3996 540 4071 patrie
553 3994 678 4054 invicem
695 4011 761 4052 sees
777 3993 932 4070 appellare
947 3993 1085 4053 audimus
1105 3992 1171 4068 (der
1185 3991 1385 4070 Sucubiugsr,
1400 3997 1452 4053 der
1469 3993 1749 4070 dimisissem„

384 4105 497 4174 -atque
523 4095 662 4156 similiter
682 4093 812 4153 Iudaeos
835 4094 1024 4170 potissimum
1048 4095 1200 4176 homiues,
1228 4103 1262 4154 ut
1282 4093 1462 4155 Christianis
1484 4111 1552 4152 sese
1574 4096 1750 4172 aequipara

407 4205 483 4268 rent,
505 4203 558 4256 aut
578 4196 646 4273 lege
666 4205 787 4254 coactos
809 4201 862 4254 aut
878 4203 988 4270 sponte
1003 4197 1041 4256 sb
1056 4195 1187 4274 oppidis,
1209 4213 1247 4255 ex
1264 4197 1373 4272 quibus
1388 4196 1508 4256 oriundi
1523 4205 1604 4268 eunt,
1626 4198 1750 4256 nomine

380 4336 383 4342 ·
407 4298 543 4362 ridemus
560 4298 618 4357 eibi
632 4315 750 4356 sumsm
772 4298 820 4370 (ut
835 4297 1022 4372 Bumdsrprm
1045 4297 1250 4368 Wurseiouen
1270 4297 1382 4356 similia
1396 4297 1577 4375 innumera).
1614 4297 1749 4360 Nomen*

407 4401 524 4466 elatura
551 4400 626 4458 haec
645 4399 732 4475 quasi
760 4407 830 4458 ente
857 4398 962 4458 oculos
984 4397 1072 4456 uobis
1094 4401 1188 4476 ponit,
1211 4417 1298 4475 quern
1322 4400 1360 4457 ad
1383 4397 1505 4458 modum
1527 4399 1613 4476 plebe
1635 4401 1751 4460 urbana

406 4519 518 4580 magne
543 4519 582 4560 ex
608 4511 694 4578 parte
721 4500 849 4559 conflata
876 4519 915 4559 ex
942 4500 1007 4558 eius
1032 4499 1153 4578 generis
1174 4499 1346 4559 hominibus
1367 4509 1459 4576 atque
1480 4500 1570 4560 etiam
1598 4520 1637 4560 ex
1664 4501 1751 4578 oppi-

407 4603 514 4666 dorum
537 4602 703 4660 dirutorum
725 4604 876 4678 quondam
898 4601 1005 4662 incolis
1027 4602 1141 4664 sensim
1164 4610 1327 4661 consecuta
1343 4609 1391 4664 ost
1405 4604 1471 4661 iure
1485 4603 1626 4662 civitatis.
1662 4601 1750 4676 Quae

406 4703 487 4771 euim
508 4704 624 4780 patriae
646 4713 761 4761 tantum
784 4703 983 4763 indicationes
1004 4711 1091 4762 erent
1108 4701 1295 4778 singulorum
1312 4703 1466 4762 bominum
1481 4704 1512 4762 in
1526 4713 1665 4781 posteros
1680 4722 1750 4783 pro·

406 4814 535 4886 pagatae
557 4805 687 4882 speciem
711 4804 865 4864 nominum
886 4805 1108 4880 gentiliciorum
1130 4804 1377 4879 adsumpserunt3
1400 4806 1455 4865 sed
1477 4806 1608 4880 speciem
1622 4811 1764 4876 tentum„

407 4927 467 4968 non
490 4908 600 4966 iustam
623 4907 749 4965 formem
771 4906 804 4964 in
824 4910 871 4965 ius
886 4906 1082 4974 desinentem,
1103 4905 1186 4982 quali
1205 4907 1375 4982 gandebant
1392 4907 1445 4986 qni
1459 4907 1527 4966 iure
1541 4905 1750 4967 manumissio·

407 5011 456 5068 ule
478 5009 647 5068 libertatem
669 5016 700 5067 et
721 5007 873 5067 civitatem
896 5006 995 5083 adepti
1016 5017 1111 5066 erent.

1411 5111 1493 5169 teu.
1515 5109 1665 5170 Hdnnun.

872 5275 1219 5287 —mna
1227 5277 1283 5285 --ο-
