3784 5854
410 545 482 619 196
984 564 1171 622 acessus:

407 761 484 822 tium
517 774 586 820 cum
623 761 714 824 sibilo
741 761 1006 840 pronuntiaturum
1028 759 1062 826 Μ
1089 774 1121 822 et
1150 765 1182 834 ζ,
1220 777 1296 838 ques
1331 757 1448 822 Sabelli
1473 778 1513 819 ex
1547 758 1708 835 alphabeto
1741 777 1761 818 e

409 857 537 924 Graecis
566 873 690 943 eccepto
716 864 904 926 retinuerunt
928 873 963 926 ut
989 863 1110 924 Etrusci
1137 873 1167 924 et
1188 859 1373 922 Umbrorum
1401 862 1613 939 antiquissimi
1657 861 1761 922 Etiam

407 966 612 1044 interpunctio
644 966 806 1030 verborum
837 967 943 1028 eadem
976 977 1025 1028 est
1055 969 1085 1026 in
1118 965 1168 1027 his
1189 965 1286 1028 titulis
1316 963 1476 1028 Sabellieis
1510 964 1607 1028 tribue
1640 966 1761 1038 punctis

406 1069 607 1146 interpositis,
642 1069 728 1129 cuius
758 1069 993 1148 interpungendi
1025 1070 1119 1130 moris
1147 1071 1304 1129 rarissima
1333 1069 1524 1129 inveniuntur
1555 1067 1699 1143 example
1728 1071 1760 1128 in

407 1171 657 1248 inscriptionibus
680 1172 832 1244 Etruscis,
856 1171 956 1244 Oscis,
976 1169 1110 1236 Latinis.
1152 1171 1288 1232 Litterae
1316 1169 1476 1232 diormee
1500 1171 1532 1233 iu
1555 1174 1643 1232 titulo
1666 1173 1761 1235 Pue-

406 1271 523 1334 tutiuno
546 1273 721 1336 simillimae
748 1281 820 1336 sunt
848 1271 977 1338 Graccis
1004 1283 1035 1336 ct
1062 1273 1244 1352 Messapicis
1273 1273 1410 1348 (Kircii.
1435 1273 1519 1336 &uu
1548 1295 1571 1336 e
1604 1275 1704 1336 (Rosci.
1729 1279 1758 1336 d.

414 1375 526 1436 Gaesi.
553 1375 645 1454 Alpi.
668 1387 689 1438 t.
711 1375 736 1438 1.
755 1376 799 1436 ΙΙ.
822 1377 866 1438 ecl.
883 1378 911 1438 s.
956 1377 995 1438 L.
1008 1377 1169 1456 Meppiutli
1190 1395 1205 1436 t
1229 1375 1262 1437 0.
1287 1377 1533 1449 Gostromediuuo,
1555 1377 1600 1438 Le
1614 1383 1762 1440 iscnsiout‘

406 1479 607 1556 Messapicie
634 1491 692 1540 ten.
720 1479 832 1556 leq),
865 1498 933 1540 cum
965 1481 1085 1540 litterae
1115 1483 1136 1539 cl
1162 1483 1192 1542 in
1218 1479 1318 1558 lepide
1347 1479 1383 1538 ed
1412 1477 1546 1557 Gupram
1574 1482 1758 1542 maritimam
1879 1481 1880 1520 ³

406 1581 532 1642 invento
553 1582 658 1642 cedem
680 1583 722 1642 eit
743 1582 841 1643 formu
863 1592 955 1658 atquo
976 1585 1007 1642 iu
1031 1583 1115 1644 Osco
1137 1583 1309 1660 alphabeto.

488 1682 560 1744 Una
582 1693 677 1748 restet
697 1683 800 1744 littere
823 1679 893 1759 ΗΠ
915 1687 997 1764 cippi
1014 1685 1201 1746 l‘reetutieui
1217 1683 1377 1762 quinquies
1394 1685 1507 1764 scripta
1521 1687 1554 1745 in
1569 1687 1757 1766 epegrepho,

406 1787 581 1863 quaemihi
604 1787 768 1864 plurimum
790 1787 970 1850 offensionis
991 1789 1104 1848 habere
1126 1787 1255 1848 videtur.
1308 1785 1450 1864 Namque
1471 1787 1562 1866 plene
1588 1790 1689 1850 eliens
1711 1805 1758 1852 eet

404 1907 465 1948 uon
488 1889 588 1950 solum
611 1891 759 1950 acetaria
783 1889 879 1950 titulis
896 1888 1066 1962 Sabelliuis,
1088 1909 1193 1952 verum
1215 1890 1306 1950 etiem
1328 1890 1366 1949 ab
1387 1889 1637 1970 inscriptionibus
1654 1891 1756 1964 Oscis,

403 1988 568 2062 Umbricie,
590 1989 733 2064 Faliscis,
755 1991 901 2064 Etruscis,
929 1991 1059 2064 Latinis,
1089 1991 1218 2054 Graecis
1240 1992 1472 2068 antiquioribus,
1501 2009 1601 2072 nsque
1623 2011 1757 2073 nequem

402 2112 452 2152 me
474 2094 617 2170 scri-ptum
645 2094 748 2172 legere
775 2085 898 2156 memini
925 2093 985 2155 nisi
1012 2094 1285 2157 innocentioribus
1308 2095 1512 2156 monumentis
1537 2093 1675 2170 erucis,
1702 2099 1755 2158 ubi

405 2193 438 2264 U
462 2196 617 2274 significat
630 2197 764 2258 vocalem
781 2217 807 2256 o.
852 2197 939 2274 Ques
955 2195 1069 2260 voculis
1089 2215 1157 2256 oum
1180 2199 1210 2258 in
1232 2197 1335 2276 lepide
1349 2197 1548 2258 Praetutieuo
1570 2199 1759 2276 significetur

405 2299 509 2358 littera
530 2297 576 2388 W,
604 2318 664 2358 uon
687 2299 835 2360 credibile
859 2307 908 2362 est
934 2301 1061 2360 esuriem
1092 2300 1184 2359 etiam
1211 2297 1369 2369 litteren
1393 2299 1528 2362 indicari.
1574 2301 1616 2360 lit
1636 2302 1664 2364 si
1687 2307 1758 2381 quis

402 2403 496 2462 nihilo
525 2401 621 2463 setim
648 2401 726 2462 hauc
752 2399 851 2462 voculi
879 2403 1073 2462 evindicare
1096 2401 1237 2474 auderet,
1274 2404 1434 2480 praeberet
1460 2403 1548 2464 nobis
1570 2405 1753 2466 vocabulum

401 2507 491 2566 cuuto
516 2529 553 2558 -··-·
577 2523 673 2576 socos,
703 2504 786 2582 quod
812 2513 897 2565 esset
918 2505 1045 2564 monstri
1066 2504 1178 2576 inetur,
1212 2505 1241 2564 in
1265 2505 1397 2565 secundo
1419 2522 1511 2566 uersu
1534 2505 1615 2565 tituli
1635 2507 1673 2565 de
1694 2525 1757 2584 quo

403 2609 504 2686 egitur
526 2609 682 2684 scriptum.
726 2606 793 2666 Hoc
815 2615 915 2666 eutem
938 2607 1057 2685 signum
1082 2605 1155 2683 Ul]
1187 2625 1256 2667 cum
1291 2605 1434 2670 iecillims
1467 2606 1541 2666 oriri
1576 2618 1681 2684 posset
1717 2629 1756 2670 cx

400 2711 512 2774 litteris
535 2709 568 2777 Ε
596 2715 627 2768 ei
655 2705 692 2797 Β
728 2707 847 2769 detritis
879 2723 931 2770 aut
953 2710 1075 2770 omissis
1102 2710 1283 2786 quibusdam
1312 2711 1416 2777 lineis,
1450 2726 1491 2768 ex
1519 2709 1549 2778 Ε
1575 2709 1679 2770 addite
1700 2731 1756 2788 por

402 2833 534 2876 errorem
563 2814 694 2886 lineole,
726 2832 766 2874 ax
802 2812 832 2888 Ο
866 2811 1025 2871 immutate
1056 2811 1193 2888 paullum
1225 2811 1375 2888 positiuns
1407 2812 1485 2884 eius,
1522 2813 1660 2888 equidem
1696 2833 1753 2874 uon

403 2917 507 2988 video,
533 2915 584 2994 qui
614 2917 702 2994 signo
729 2925 790 2975 tem
822 2913 997 2992 suspicioso
1025 2913 1058 2972 in
1078 2915 1256 2992 apographo
1277 2921 1394 2976 tentum
1422 2915 1500 2977 tituli
1526 2919 1642 2993 scripto
1667 2919 1755 2976 fidum

401 3019 514 3080 hebere
538 3019 665 3096 possim.
710 3017 851 3094 Denique
883 3017 915 3075 in
941 3015 1002 3077 line
1029 3018 1196 3094 apographi
1230 3017 1319 3078 iuxta
1344 3017 1475 3080 litterum
1505 3020 1532 3100 ξ
1570 3019 1756 3080 lineamenta

401 3123 549 3199 quaedam
573 3122 686 3199 scripte
708 3131 789 3195 suut,
812 3139 890 3198 quas
911 3118 1045 3179 indicere
1066 3113 1214 3186 vitientur,
1237 3117 1368 3196 lapidem
1392 3119 1540 3182 hocloco
1563 3121 1680 3183 luseum
1702 3137 1756 3181 aut

402 3225 545 3282 detritum
568 3241 646 3283 esse.
691 3221 779 3297 Quae
808 3239 876 3282 cum
904 3223 947 3281 ite
974 3221 1051 3292 sint,
1082 3221 1140 3278 hee
1162 3221 1370 3282 tautummodo
1399 3221 1517 3284 litterae
1544 3225 1754 3302 inscriptionis

402 3327 620 3386 Praetutianus
642 3326 716 3386 mihi
738 3323 879 3386 videntur
899 3323 960 3401 legi
982 3341 1089 3404 posse:

867 3525 952 3615 petr
972 3571 978 3584 .
1002 3511 1006 3596 l
1028 3513 1037 3585 i
1063 3515 1179 3615 pepai

866 3678 908 3730 re
928 3655 939 3726 i
958 3650 1027 3750 atil
1052 3649 1104 3756 til
1126 3653 1136 3728 ἓ
1156 3618 1240 3731 sudi

867 3793 926 3900 pis
945 3807 955 3854 ²
975 3791 1019 3895 el
1046 3791 1173 3894 ccliii)
1197 3797 1207 3867 Ξ
1226 3816 1269 3872 re

867 3934 971 4052 ἕψει
990 3933 1000 4006 Ξ
1021 3930 1026 4035 Ι
1047 3934 1137 4012 dare
1156 3934 1167 4010 Ξ
1187 3961 1259 4038 pep

869 4071 874 4179 i
895 4099 940 4152 e.
963 4133 970 4148 .

485 4345 630 4408 Lectione
652 4345 744 4405 huius
766 4341 846 4404 tituli
870 4355 929 4403 tem
945 4343 1110 4408 incertauc
1126 4343 1226 4416 dubie,
1250 4362 1290 4407 ex
1310 4363 1345 4404 eo
1362 4357 1454 4420 segre
1468 4351 1616 4422 quaedem
1630 4345 1757 4427 linguae
1879 4319 1880 4392 l

401 4447 570 4512 Sabellicus
598 4448 728 4525 vestigia
754 4447 898 4524 cognosci
927 4457 1067 4524 possunt.
1117 4445 1209 4506 Initio
1240 4451 1306 4508 cius
1333 4449 1447 4522 scripte
1476 4450 1617 4510 videntur
1643 4470 1754 4514 nomeu

399 4551 523 4630 gentile,
550 4550 760 4632 praenominis
782 4557 871 4620 notu,
898 4566 1073 4628 cognomen.
1120 4543 1199 4608 Nem
1226 4549 1342 4609 litteras
1373 4549 1447 4609 Pur.
1476 4555 1662 4630 supplendas
1686 4575 1755 4616 esse

399 4655 577 4731 Pstr(tlnt's),
615 4651 797 4714 coniecerim
833 4671 873 4712 ex
901 4650 1026 4712 Falisco
1067 4653 1189 4712 nomine
1224 4651 1376 4712 Pauus.
1423 4651 1567 4716 [imbrico
1604 4657 1755 4732 Munere,

399 4757 532 4818 Etrusco
567 4755 717 4825 Petronis,
750 4751 861 4815 Latino
875 4753 1045 4830 ¹Petronius
1075 4754 1220 4830 (ibirett.
1255 4752 1349 4813 oure.
1385 4753 1418 4818 lt
1444 4774 1475 4834 p.
1509 4759 1616 4836 1379);
1652 4753 1757 4841 Pepus'

400 4875 500 4920 autem
522 4855 663 4937 congruit
695 4876 762 4918 eum
785 4857 915 4918 Etrusco
937 4856 1115 4934 cognomine
1130 4851 1244 4935 Popue',
1278 4855 1390 4918 leutlno
1415 4859 1512 4936 Papus
1534 4879 1562 4923 et
1586 4879 1654 4926 cum
1672 4869 1754 4927 Osco

400 4961 549 5023 vocabulo
568 4978 699 5040 puppes,
721 4959 802 5037 quod
824 4959 856 5019 in
877 4957 991 5020 sabulis
1016 4957 1167 5022 Atellanis
1189 4977 1292 5022 senem
1314 4961 1518 5039 signillcenet,
1544 4985 1612 5026 cum
1633 4966 1755 5032 Latinis

395 5083 481 5144 popo
507 5081 645 5143 pappus,
673 5051 1240 5137 Graecisndrsarfflmucsffutr.
1268 5061 1596 5146 to.p.1tstep.).
1645 5072 1754 5146 lisque
1879 5139 1880 5150 χ

397 5168 531 5229 litteram
552 5173 629 5228 inter
653 5163 818 5242 Peuma)
839 5173 870 5224 et
891 5163 1013 5244 Pappao'
1036 5167 1169 5243 positam
1197 5174 1289 5244 atique
1314 5165 1555 5244 interpunctione
1577 5173 1753 5235 mennatem

397 5269 563 5338 verisimile
585 5281 633 5332 cst
656 5277 756 5334 nomm
779 5269 985 5344 praenominis
1006 5269 1104 5347 petris
1126 5267 1299 5331 esseillius
1323 5267 1454 5328 Petronii
1475 5270 1620 5334 Picentis.
1666 5275 1752 5339 Hecu
