3850 5852
171 617 224 668 870
597 615 738 667 MOESIA
755 613 945 674 luminosa.
979 613 1107 668 Dscls.

176 714 949 727 ffl-—u———u-——n--q—

748 1051 931 1131 DAOIA.

215 1287 331 1347 Daciae
357 1285 606 1362 inscriptionibus
635 1293 704 1362 post
724 1306 772 1344 me
793 1294 949 1349 strenuam
971 1293 1002 1345 et
1020 1286 1207 1346 fructuosam
1230 1303 1352 1361 operam
1375 1285 1522 1346 dederunt

173 1389 233 1448 dno
260 1392 317 1450 riri
342 1390 472 1452 Carolus
496 1391 606 1453 Gooss
629 1389 868 1462 Transdierna,
895 1391 948 1466 qui
973 1408 1041 1448 cum
1068 1389 1099 1446 in
1126 1397 1350 1468 programmate
1372 1388 1522 1466 gymnasii

174 1489 469 1572 Scbaessburgensis
493 1494 632 1570 (Studien
653 1510 707 1551 zar
729 1491 879 1568 Geoprcfic
900 1493 961 1550 nnd
982 1490 1147 1551 Gcscbicbtc
1169 1491 1219 1550 dea
1240 1491 1435 1565 trojanischen
1456 1490 1521 1548 Da·

174 1599 259 1654 dens.
292 1595 535 1656 Hermannstadt
553 1597 642 1656 1874.
665 1596 693 1654 8.
713 1615 742 1672 p.
757 1595 811 1669 77)
834 1605 896 1653 tum
912 1595 943 1654 in
958 1594 1182 1654 commentariis
1197 1594 1320 1652 insertis
1337 1594 1412 1652 actis
1428 1593 1521 1652 socie·

173 1699 245 1756 tatis
258 1696 512 1759 Transilvanicae
527 1699 653 1776 (Ar-citio
667 1699 717 1756 dcs
730 1697 848 1756 Vereins
855 1698 912 1774 seir
926 1696 1173 1772 riebcnbrirpiscbs
1184 1695 1401 1755 Landcrlrends
1415 1696 1473 1755 roi.
1484 1696 1517 1752 11

173 1817 201 1856 a.
221 1800 300 1859 1878
323 1822 353 1878 p.
370 1801 530 1874 98-1173
556 1800 614 1858 vol.
634 1797 671 1858 17
694 1819 721 1858 s.
741 1799 821 1858 1874
843 1819 874 1876 p.
893 1797 1076 1875 lot-175)
1104 1798 1194 1858 etiam
1216 1799 1313 1858 titulis
1335 1799 1467 1875 nondum
1490 1797 1520 1856 in

172 1900 270 1961 lucem
292 1903 422 1980 prolatis
445 1904 569 1963 edendis
591 1924 694 1963 curam
710 1901 864 1978 impendit,
887 1913 916 1959 et
932 1900 1005 1962 Otto
1020 1900 1230 1962 Hlascnsnsu
1250 1921 1333 1960 meus
1349 1901 1437 1960 bodie
1450 1919 1521 1976 pro·

172 2001 271 2063 sessor
299 2007 504 2066 universitatis
528 2006 708 2082 Fregenae,
735 2006 786 2082 qui
810 2025 837 2062 a.
858 2003 936 2064 1873
964 2008 1051 2063 iussu
1072 2023 1177 2062 serum
1199 2004 1250 2080 qui
1273 2009 1306 2062 in
1327 2003 1456 2062 Austris
1476 2023 1521 2062 re·

172 2105 230 2165 bus
253 2118 400 2182 praesunt
420 2109 497 2167 hanc
519 2119 627 2167 terram
657 2109 833 2184 vicinosque
855 2107 996 2184 regiones
1019 2125 1079 2164 nna
1100 2125 1168 2166 cum
1190 2106 1376 2166 Benndortie
1403 2105 1523 2181 collega

172 2214 346 2286 peragravit
381 2211 627 2288 inscriptionibus
664 2210 754 2268 editis
788 2209 1042 2286 recognoscendis
1075 2208 1258 2285 ineditisque
1296 2207 1441 2268 addendis
1474 2207 1521 2266 vei

173 2316 305 2370 maximo
332 2317 476 2372 intentus.
522 2313 598 2371 Eius
625 2313 742 2372 itineris
769 2321 933 2388 postquam
959 2312 1061 2371 brevis
1088 2313 1197 2370 notitia
1223 2311 1296 2370 data
1324 2321 1371 2370 est
1398 2309 1522 2369 Minid-

156 2401 278 2490 'tannen
300 2416 352 2473 der
376 2415 676 2476 CentraIccsnmission
700 2415 758 2473 voi.
777 2415 815 2474 18
838 2435 865 2472 u.
884 2413 962 2475 1873
985 2432 1014 2490 p.
1032 2413 1093 2472 878
1106 2431 1184 2490 seq.,
1210 2413 1282 2472 data
1304 2433 1397 2492 opera
1418 2413 1521 2471 titulos

173 2535 192 2575 a
218 2533 251 2574 se
273 2517 449 2576 emendatos
473 2519 631 2577 additosve
654 2519 814 2594 preposuit
834 2517 866 2576 in
888 2521 963 2576 actis
985 2516 1155 2576 minoribus
1177 2517 1348 2576 academiae
1368 2515 1521 2576 Vindobo-

173 2623 276 2679 nensis
304 2619 346 2695 (a.
370 2619 451 2678 1874
473 2621 534 2680 rol.
549 2621 589 2678 77
613 2641 641 2698 p.
664 2619 855 2680 363-479ε
883 2620 1106 2698 epiprcpbircbc
1128 2619 1271 2680 Nncbicsc
1296 2639 1358 2677 zena
1384 2620 1414 2680 0.
1434 2621 1462 2679 Ι.
1482 2619 1520 2678 L.

172 2722 228 2781 eui.
245 2721 302 2780 ΙΙΙ
320 2741 374 2782 ans
393 2724 508 2782 Dacica
529 2725 591 2782 and
604 2723 759 2798 Messian).
776 2755 814 2766 —
838 2721 978 2800 Hungari
999 2740 1078 2800 quac
1100 2742 1154 2800 por
1175 2723 1232 2781 hos
1253 2719 1349 2780 abires
1373 2723 1409 2781 de
1430 2723 1521 2782 rebus

172 2821 297 2884 Daeicis
316 2825 481 2897 ediderunt,
505 2835 538 2885 ut
552 2825 732 2886 Theodorus
749 2824 883 2886 Onnvar
904 2831 936 2885 in
956 2830 1033 2884 actis
1053 2825 1218 2884 maioribus
1234 2824 1407 2884 academiae
1423 2823 1522 2884 Pesti-

171 2931 275 2988 uensis
306 2927 435 3006 aliique,
465 2947 504 2988 ca
531 2949 598 2987 cum
625 2929 858 3006 inscriptionum
889 2930 1063 2991 thesaurum
1092 2945 1153 2986 non
1181 2945 1363 3006 magnopere
1392 2936 1524 3004 augeant

172 3031 345 3108 scriptaque
374 3030 435 3090 sint
462 3031 567 3110 lingua
594 3033 675 3109 apud
704 3043 825 3092 exteros
854 3033 973 3110 ignota,
1002 3027 1046 3090 ite
1073 3031 1112 3088 iis
1140 3047 1215 3090 usus
1243 3047 1326 3103 sum,
1352 3038 1387 3090 ut
1413 3029 1451 3088 ad
1478 3030 1522 3090 in-

174 3127 354 3210 scriptiones
376 3133 460 3192 soles
481 3133 675 3193 attenderem.
715 3133 869 3195 Conscius
891 3143 990 3194 autem
1011 3143 1042 3193 st
1063 3136 1115 3210 qui
1136 3132 1174 3192 de
1196 3151 1229 3192 rs
1250 3132 1448 3211 epigraphica
1461 3133 1524 3212 ple·

172 3234 241 3293 nias
265 3233 357 3313 longe
378 3238 522 3313 exposuit
544 3235 766 3296 Hirschfeldins
789 3256 865 3314 quae
887 3236 1094 3316 protulerunt,
1123 3235 1203 3294 inira
1224 3242 1398 3313 repetentur
1417 3235 1524 3312 paucis

171 3336 297 3397 minoris
324 3338 467 3398 momenti
494 3340 619 3400 omissis
641 3341 689 3400 rei
714 3341 813 3419 magis
835 3341 863 3398 ci
884 3340 1012 3417 tempori
1035 3339 1215 3410 reservatis,
1241 3356 1302 3416 quo
1324 3337 1432 3398 harum
1453 3357 1523 3416 pro-

172 3438 339 3500 vinciarum
360 3439 516 3501 titulorum
539 3445 707 3503 auctarium
728 3448 789 3520 ipsi
811 3443 932 3522 corpori
953 3451 1088 3519 aptatum
1110 3441 1252 3520 prodibit.

172 3629 219 3688 Ad
242 3651 272 3708 p.
292 3632 359 3690 140.
406 3631 466 3708 Qui
495 3654 592 3712 nuper
618 3639 749 3695 innotuit
775 3655 843 3694 cum
873 3653 911 3695 ex
935 3634 1023 3692 titulo
1047 3631 1265 3693 Oonwrdiensi
1293 3631 1432 3708 (Bellen.
1457 3631 1524 3690 dcil‘

215 3735 383 3794 Inclita
405 3756 435 3814 p.
453 3735 509 3812 84)
532 3745 596 3796 tum
619 3757 658 3796 ex
680 3739 844 3815 diplomate
867 3757 894 3796 a.
913 3735 972 3796 166
994 3735 1075 3794 inira
1097 3735 1178 3794 edito
1201 3733 1240 3794 T.
1261 3732 1418 3793 Desticius
1441 3732 1479 3793 T.
1502 3731 1522 3792 f.

215 3833 280 3895 Cla.
305 3834 436 3897 Severus
456 3857 539 3914 proc.
562 3840 640 3916 Aup.
660 3859 743 3916 pron.
766 3839 882 3899 Decies
903 3843 1043 3916 superior.
1066 3857 1132 3897 cum
1155 3848 1227 3915 post
1248 3856 1314 3896 eam
1336 3840 1524 3914 procuratio-

212 3958 280 3998 nem
307 3958 335 3998 a.
356 3959 387 4016 p.
407 3937 444 4000 O.
468 3940 527 4001 168
556 3940 695 4000 Raetiam
723 3943 909 4018 procurarit,
937 3940 1094 4019 probabile
1121 3949 1168 4000 cst
1193 3938 1232 3998 ad
1260 3958 1288 3998 a.
1310 3959 1334 3998 c.
1359 3939 1418 4000 150
1446 3940 1522 4020 anti·

213 4059 305 4122 quam
326 4046 524 4120 partitionem
547 4044 708 4103 memisse.
1571 4021 1576 4031 Ι

689 4393 770 4469 Aper
790 4392 1001 4454 Biatrittcnsir.

171 4574 245 4638 070
268 4575 456 4656 Burgbaileu
478 4595 574 4658 prope
595 4577 730 4638 Bistritz.

828 4781 864 4840 M

790 4897 898 4942 osmi

792 5000 897 5044 ΤΙΝΑ

792 5101 900 5146 ΕΙΜΑ

171 5293 274 5355 Gooss
297 5295 418 5357 Studien
438 5316 492 5358 aar
516 5285 625 5376 Gccpr.
648 5297 779 5358 Deciens
802 5316 832 5376 p.
850 5299 905 5372 483
928 5299 1039 5360 Arciie
1065 5297 1112 5370 17,
1132 5299 1200 5358 175.
