3848 5850
433 604 505 676 140
715 703 717 706 Υ
868 625 1183 680 ennmnmenrvu
1200 627 1286 681 ven.
1305 629 1338 680 11

428 794 627 873 distinguitur
646 796 685 856 eb
707 814 786 856 enno
810 799 966 876 petitionis
983 800 1155 877 ipsine-
1178 798 1328 862 Convivis
1336 803 1467 878 publice
1480 803 1522 862 ita
1539 803 1692 880 prohibite
1708 823 1785 872 esse,

428 905 462 956 ut
481 897 644 958 eendidete
667 899 774 976 perid
796 906 916 980 tempus
939 901 1044 961 liceret
1066 903 1097 962 in
1120 903 1259 982 singulos
1283 901 1350 964 dies
1364 905 1503 966 honines
1519 905 1679 966 dumtexet
1693 925 1786 966 neve·

426 1017 483 1059 nes
506 1001 545 1059 ed
566 1013 809 1078 consenserere,
830 1003 883 1081 qui
905 1021 1050 1065 numeres
1073 1005 1171 1066 iustum
1191 1014 1241 1065 est
1254 1006 1390 1068 convivii
1404 1007 1562 1083 privem),
1584 1007 1685 1074 edbec
1697 1009 1785 1087 igno·

423 1099 584 1175 rubemus3
611 1111 732 1162 centem
761 1110 872 1176 netem
888 1105 932 1165 ite
958 1123 1028 1166 esse
1054 1107 1175 1167 ridetur
1202 1117 1275 1187 post
1301 1107 1480 1170 Ciceronem
1508 1109 1694 1184 conseer„
1714 1127 1785 1172 num

425 1222 493 1263 eum
515 1205 543 1263 is
559 1205 718 1266 Murenam
740 1206 885 1280 defendit,
907 1207 1031 1285 publice
1051 1209 1175 1286 quidem
1198 1211 1341 1270 convivis
1361 1211 1627 1289 prohibiturum,
1650 1213 1705 1273 ssd
1721 1212 1786 1271 lici·

428 1315 523 1368 torum
546 1308 742 1368 convivorum
764 1317 864 1369 certes
886 1326 1031 1370 numerus
1052 1309 1185 1373 nondum
1208 1311 1403 1390 definitee2).

294 1416 406 1470 Ducunt
511 1409 711 1488 Magistratus
738 1411 771 1471 in
798 1411 919 1472 colonie
944 1413 1124 1474 creabuntur
1150 1413 1269 1474 duoviri
1294 1423 1325 1474 et
1346 1415 1478 1488 eedilee3
1506 1426 1687 1492 quaestores
1707 1415 1782 1476 nelli

424 1510 620 1572 inveniuntur
645 1513 764 1590 fuitque
790 1512 913 1574 colonie
932 1516 1013 1574 inter
1034 1533 1088 1576 ees
1106 1521 1160 1578 res
1181 1514 1334 1595 publices,
1363 1519 1415 1577 nbi
1443 1527 1609 1593 quaestura
1629 1509 1709 1579 ieter
1729 1518 1784 1576 be·

425 1632 515 1674 neree
543 1635 606 1675 nen
629 1602 808 1689 babebetur,
836 1615 892 1678 scd
913 1635 1023 1678 munus
1045 1619 1208 1694 personale
1230 1615 1357 1696 eret'³).
1379 1653 1417 1666 -
1449 1617 1521 1682 Duo
1538 1619 1599 1680 viri
1626 1617 1717 1695 (nem
1738 1619 1784 1683 sie

424 1717 504 1778 uude
527 1719 722 1778 nominentur
743 1719 879 1796 semper)
901 1735 1052 1797 quosnam
1073 1721 1143 1780 inre
1161 1720 1331 1795 habuerint,
1353 1721 1463 1798 pertin
1478 1722 1574 1784 exiis
1586 1719 1783 1799 intellegitur,

425 1837 504 1896 quoe
527 1820 661 1880 diximus
683 1823 721 1881 de
742 1821 872 1882 decretis
893 1821 1105 1892 decurionum
1128 1822 1247 1882 nullum
1266 1825 1347 1884 enim
1367 1825 1435 1884 deri
1446 1824 1545 1900 potuit
1557 1823 1617 1884 nisi
1634 1823 1783 1884 referente

423 1921 595 1992 duumviro,
618 1925 734 2002 quique
755 1941 795 1984 ex
816 1923 1013 1984 decurionem
1036 1925 1156 1984 decreto
1180 1925 1293 1984 beben
1313 1926 1452 2004 magistri
1474 1927 1614 1986 senorum
1634 1925 1782 2003 etlegeti,

423 2023 446 2082 ii
474 2021 595 2084 iubente
622 2025 730 2087 ordine
757 2026 848 2086 electi
874 2033 947 2086 sent
972 2045 993 2085 e
1013 2025 1161 2088 duone-ie.
1206 2029 1261 2089 Ius
1283 2045 1404 2108 quoqne
1426 2026 1556 2088 dnovire
1578 2027 1676 2088 luisse
1696 2043 1782 2105 pree·

423 2124 497 2184 fecti
518 2123 708 2204 relinquendi
731 2128 811 2188 inire
832 2127 876 2205 (p.
895 2127 982 2206 146)Ι
995 2129 1178 2204 videbimus,
1202 2139 1236 2190 ut
1257 2148 1352 2207 supro
1374 2129 1418 2208 (p.
1437 2129 1511 2208 126)
1531 2129 1664 2190 vidimus
1683 2128 1732 2188 ius
1752 2127 1782 2188 ei

424 2227 522 2288 luisse
543 2229 668 2290 ermetis
692 2245 783 2308 qoem
805 2230 900 2290 vellet
919 2229 1125 2308 praeficiendi.
1161 2231 1263 2291 Etiam
1288 2231 1480 2308 vectigalium
1503 2240 1535 2292 et
1554 2231 1633 2292 ultre
1656 2229 1782 2290 tributo·

424 2349 491 2387 rum
510 2331 691 2392 locationem
714 2332 946 2392 conductionem
965 2343 1002 2393 ut
1015 2331 1133 2394 Romen
1155 2334 1193 2392 ed
1217 2351 1384 2404 censorem,
1407 2335 1452 2394 ite
1471 2333 1503 2394 in
1524 2333 1582 2394 beo
1602 2332 1724 2393 colonie
1743 2331 1784 2390 sd

417 2431 569 2494 duoviros
597 2433 780 2518 pertinuisse
806 2433 877 2494 inde
903 2434 1071 2512 colligitur,
1099 2438 1181 2512 qued
1204 2435 1235 2494 bi
1256 2435 1384 2497 deloco
1405 2435 1528 2512 publico
1550 2454 1570 2494 e
1591 2435 1782 2512 redemptore

423 2535 563 2613 menelpe
589 2537 702 2614 praede
730 2537 843 2596 denum
873 2538 1010 2613 accipere
1030 2544 1172 2598 vetentur
1194 2539 1238 2616 (p.
1258 2537 1342 2615 13⁰).
1386 2537 1552 2600 Preeteree
1573 2537 1599 2596 si
1623 2535 1709 2598 enies
1730 2535 1781 2595 de·

356 2683 360 2692 .
423 2637 558 2698 ourionis
581 2639 788 2700 secerdotisne
810 2657 921 2699 nomen
943 2639 981 2697 de
1003 2639 1115 2700 tabulis
1138 2639 1270 2716 publicis
1292 2640 1486 2700 eximendum
1509 2649 1566 2712 est,
1590 2639 1729 2700 emmens
1750 2636 1781 2696 id

424 2739 546 2800 deerit-i
561 2741 606 2819 (1,
622 2739 665 2818 b).
680 2773 723 2788 -
745 2741 789 2799 At
809 2741 945 2801 omnium
966 2742 1099 2801 maxime
1121 2741 1281 2801 duovirum
1304 2748 1440 2820 potestne
1462 2744 1634 2802 continetur
1657 2737 1781 2816 irnperio

424 2842 564 2915 militiae,
589 2843 672 2903 domi
699 2853 799 2902 eutem
827 2843 956 2915 indicio,
984 2861 1113 2920 querum
1142 2865 1180 2903 ns
1207 2843 1283 2902 illud
1311 2844 1434 2921 quidem
1456 2841 1592 2906 decuria
1615 2840 1705 2918 plene
1729 2840 1781 2900 de·

423 2943 517 3004 inisse
543 2945 595 3004 lex
621 2945 753 3022 primum
774 2947 852 3005 hese
882 2947 1001 3022 aperuit
1026 2945 1069 3023 (r.
1092 2965 1123 3022 p.
1142 2945 1226 3022 126).
1271 2944 1332 3006 Sed
1356 2947 1394 3006 de
1416 2963 1453 3006 ee
1475 2964 1543 3006 cum
1566 2961 1660 3023 supro
1680 2951 1784 3005 ectum

393 3053 397 3060 '
422 3046 474 3113 sit,
497 3045 646 3106 hocloco
668 3055 785 3106 restent
805 3047 922 3106 iudicis
940 3047 979 3107 de
1001 3049 1112 3124 quibus
1134 3047 1302 3108 videamus.

283 3154 411 3207 {edictum
508 3148 694 3209 iudiciorum
716 3149 777 3208 dne
798 3166 912 3226 genere
932 3167 973 3210 ex
994 3153 1051 3210 bec
1073 3150 1140 3227 lege
1161 3168 1181 3209 e
1201 3149 1330 3220 duovieo
1352 3150 1666 3227 exercemurprirete
1682 3160 1710 3208 et
1723 3165 1781 3226 pn·

280 3229 411 3354 Ἓξ
423 3250 514 3312 blica.
531 3285 571 3296 -
591 3251 722 3311 Privato
743 3269 950 3329 quoecumque
972 3253 1168 3313 invenientur
1190 3243 1330 3330 spectent
1349 3253 1390 3311 ed
1410 3251 1525 3312 multas
1547 3249 1685 3310 celoniee
1699 3267 1779 3310 eem-

279 3377 318 3427 „1
330 3353 536 3443 pupumisses
557 3350 785 3432 recupereterio
806 3350 919 3412 iudicio
941 3355 1124 3429 exigendam
1146 3373 1217 3413 nem
1233 3371 1419 3430 quemquem
1435 3353 1694 3429 recuperatorium
1709 3369 1780 3413 esse

323 3465 370 3503 ⁰⁸0
423 3455 569 3515 indicium
596 3473 658 3514 nen
685 3455 816 3514 sdicitur
841 3456 900 3516 nisi
927 3455 959 3514 in
987 3455 1091 3516 tebele
1119 3457 1208 3516 tertie
1233 3455 1310 3516 locis
1332 3456 1457 3516 omnine
1478 3454 1669 3533 interpolatis
1697 3452 1781 3524 (vide

423 3577 452 3634 p.
473 3555 547 3635 121)
570 3553 739 3629 e‚u'l.46.
757 3555 996 3626 ’7,19.31.’50.·
1019 3559 1056 3631 8,
1075 3559 1122 3617 13.
1140 3558 1196 3630 31,
1224 3558 1262 3617 de
1282 3559 1355 3635 ipse
1374 3577 1408 3617 re
1430 3557 1678 3638 interpolsterem
1700 3567 1781 3614 recle

422 3659 536 3719 referre
559 3655 691 3718 debitori
712 3677 775 3720 non
795 3667 907 3738 potest,
928 3679 985 3720 nee
1006 3661 1104 3738 megin
1124 3661 1248 3722 dubiem
1269 3667 1316 3718 est
1337 3659 1487 3719 similibus
1508 3658 1632 3719 iudiciis
1654 3670 1781 3718 exsoles

423 3779 489 3822 esse
517 3761 652 3822 eiusdem
680 3761 802 3839 generis
830 3761 941 3822 multos
968 3780 1048 3841 ques
1074 3769 1350 3823 commemorentur
1363 3778 1487 3839 ,genere
1512 3761 1619 3822 indicii
1644 3775 1709 3820 nen
1729 3755 1781 3818 de·

422 3864 510 3924 finite
525 3863 570 3940 (l,
589 3863 637 3922 l'l.
654 3861 705 3924 ib.
729 3865 758 3937 3,
775 3863 825 3923 21.
850 3864 880 3938 5,
898 3865 961 3941 19).
998 3863 1050 3924 Ad
1072 3883 1124 3925 ees
1146 3881 1257 3925 censes
1278 3863 1352 3924 item
1373 3863 1528 3940 pertinent
1546 3881 1627 3939 quse
1646 3881 1674 3921 c.
1690 3858 1782 3922 XCV

406 3964 628 4038 ’1,32-3,1
651 3965 689 4026 de
710 3966 929 4043 reeiperstorie
943 3965 1055 4026 iudicio
1069 3967 1100 4026 ln
1116 3967 1292 4026 umrersum
1307 3975 1466 4026 cenentur..
1498 3962 1581 4026 Nem
1594 3979 1781 4042 quemquern

422 4067 458 4128 iu
480 4067 541 4128 tine
563 4067 676 4146 legiter
697 4072 943 4146 quadrinepos
965 4071 1076 4130 indices
1098 4067 1203 4130 delecti
1227 4069 1279 4146 (in
1294 4068 1406 4130 'tabule
1426 4073 1476 4128 est
1494 4066 1604 4144 relied)
1626 4081 1717 4144 nsque
1737 4082 1782 4124 rs·

411 4172 596 4247 repereras
610 4174 649 4228 *in
671 4186 733 4230 mm
754 4188 814 4232 rem
836 4172 900 4231 deti
921 4181 1028 4244 ment,
1054 4189 1133 4250 ques
1154 4170 1341 4249 preeeedunt
1362 4169 1467 4230 omnis
1487 4168 1527 4228 sd
1548 4167 1633 4229 solos
1655 4185 1781 4245 recepe·

422 4381 638 4396 w

500 4539 526 4604 1)
554 4541 587 4592 V.
603 4541 700 4606 19sq.:
719 4537 762 4592 Ns
782 4575 808 4591 ..
827 4540 971 4591 concinnum
989 4537 1080 4592 lebete
1161 4546 1267 4607 praem
1286 4537 1354 4606 qued
1371 4539 1427 4606 eines
1446 4533 1605 4604 kandidetus
1618 4537 1717 4604 petitor

423 4634 525 4684 necarit
547 4629 606 4683 ἅνω
631 4629 717 4696 [toret
741 4631 779 4696 in]
800 4631 856 4682 diss
875 4632 992 4698 einpules
1009 4629 1154 4694 Meminisse)
1173 4627 1267 4682 VIIII.
1305 4631 1370 4682 Nou
1386 4637 1457 4682 recte
1476 4629 1510 4680 de
1529 4629 1692 4681 nore-vnn
1710 4630 1781 4694 eogi-

424 4727 488 4776 tedt
505 4725 646 4795 Berlenge.
683 4724 843 4790 Merqusrdt
860 4722 1059 4776 Pricatelt'ertls.
1075 4725 1100 4788 1,
1115 4725 1185 4776 3102
1210 4722 1256 4774 der
1278 4718 1409 4786 Umrtoed,
1430 4719 1492 4786 dole
1510 4717 1557 4770 der
1575 4715 1782 4788 (speia->Theb

422 4815 512 4868 ebsnso
535 4819 585 4868 wie
609 4815 658 4868 ee·
676 4813 828 4882 Esmmmer
851 4817 991 4869 triclinium
1015 4815 1105 4882 boisel,
1130 4815 1194 4881 ldsst
1212 4813 1349 4878 ortuense,
1375 4812 1436 4879 dese
1454 4811 1521 4864 oncle
1539 4811 1589 4864 dae
1608 4807 1719 4864 Zt'rssssr
1736 4827 1781 4862 er-

422 4907 572 4978 epriepls'clt
590 4925 641 4960 eur
650 4903 702 4976 fier
720 4924 786 4962 nene
807 4906 886 4961 θεῖαι
905 4907 1038 4962 berecbmt
1054 4907 1109 4960 ond
1127 4906 1197 4959 diem
1218 4905 1289 4958 Zalt
1306 4905 1348 4958 ele
1366 4905 1467 4958 neme!
1485 4901 1624 4957 benachtet
1643 4901 1738 4954 wwds.

500 5017 526 5083 ¹)
554 5021 625 5072 Nem
649 5027 755 5072 emetur
774 5023 921 5072 consultum
941 5021 969 5070 ld
989 5020 1022 5070 de
1041 5035 1094 5085 que
1114 5003 1315 5072 eluerimus
1335 5017 1430 5070 Gleero
1448 5017 1487 5067 elt
1505 5031 1553 5082 pro
1574 5013 1642 5066 blur.
1664 5013 1715 5076 db,
1730 5012 1780 5064 ⁷³:
1916 4989 1917 5072 l

421 5127 480 5162 esse
493 5112 607 5176 (semus
617 5113 712 5172 emisses
721 5113 808 5181 potet)
828 5113 909 5165 locens
928 5111 965 5162 ad
981 5109 1146 5179 nesseden
1165 5108 1229 5160 dore
1249 5117 1295 5160 ent
1312 5107 1350 5160 ed
1365 5108 1505 5177 praem
1523 5105 1654 5172 invitm
1670 5105 1780 5168 rechins,

422 5203 469 5256 scd
484 5195 587 5273 ‘colysi
626 5200 698 5265 Quid
715 5213 755 5257 cst
772 5206 867 5272 culpo?
886 5205 1027 5256 universes.

500 5313 525 5376 ⁸)
554 5315 615 5382 Dig.
630 5315 677 5380 50,
689 5318 716 5380 4,
733 5315 776 5377 10,
792 5319 817 5368 2.
858 5315 1014 5383 Musquerdt
1034 5311 1201 5366 Steeteosrro.
1220 5317 1243 5376 1,
1258 5314 1322 5367 192.
