3794 5850
360 2391 551 2456 Sranrssrs

362 2905 543 2968 Srsrruuvs

361 3007 526 3070 Srasnuvs

360 3415 559 3480 'Srsrrsuvs

361 3723 558 3787 Susarrasvs

364 5061 518 5122 Tastuvs

955 573 1106 634 HUBNER

690 773 795 814 nomen
818 754 915 814 luisse
937 753 1104 814 derivatum
1127 754 1259 814 sortasse
1277 755 1316 814 ab
1331 753 1475 832 Apolline
1490 753 1630 816 Saurano
1646 753 1700 816 So·

688 874 799 917 ranove
827 857 856 916 in
882 865 980 916 monta
1003 853 1129 918 Soracte
1150 857 1232 917 culto
1261 855 1308 933 (r.
1330 855 1460 916 Prelleri
1483 859 1701 937 mytholossiam

688 957 855 1019 Romanam
879 977 909 1038 p.
924 955 986 1019 239
1007 968 1040 1018 et
1060 956 1206 1020 Gorseeni
1226 958 1414 1036 Aurrpracla
1433 960 1483 1019 des
1497 959 1700 1022 bulsinirolm

688 1059 734 1120 erl.
755 1060 788 1121 11
812 1063 827 1121 1
851 1081 882 1141 p.
902 1061 973 1121 485.
997 1061 1016 1120 Τ
1039 1080 1068 1139 p.
1090 1061 1154 1139 64)
1177 1072 1230 1122 aut
1256 1061 1295 1121 ab
1321 1061 1457 1140 Hirpinis
1479 1061 1605 1124 Soranis
1632 1081 1699 1123 oum

689 1163 743 1222 illo
770 1163 997 1242 cognominibus
1026 1171 1079 1222 aut
1100 1163 1229 1243 denique
1251 1183 1271 1224 a
1292 1162 1371 1227 Sora
1384 1165 1565 1225 Volscorum
1587 1165 1702 1244 oppido

688 1274 774 1338 ποῖος
800 1285 878 1346 quse
899 1267 1023 1326 numina
1044 1257 1178 1329 eiusdem
1202 1267 1327 1345 originis
1349 1285 1419 1328 esse
1441 1276 1570 1346 possunt
1590 1269 1701 1328 omnis.

689 1367 817 1427 Etiamsi
840 1385 913 1427 vero
935 1387 973 1428 ax
996 1367 1128 1429 Servilia
1148 1379 1237 1450 genta
1259 1369 1316 1430 luit
1337 1369 1446 1442 Barea,
1472 1371 1570 1448 potuit
1593 1367 1702 1430 Sorani

690 1487 797 1532 nomeu
825 1471 890 1531 eius
917 1470 1043 1530 altarum
1073 1471 1186 1550 gentile
1212 1489 1296 1543 esse,
1325 1489 1422 1550 neque
1447 1473 1620 1534 necessario
1647 1489 1702 1549 pro

688 1575 866 1652 cognomino
891 1573 1078 1645 habendum
1106 1573 1266 1635 rideantur
1292 1593 1369 1653 quse
1394 1575 1432 1635 de
1459 1574 1621 1652 gentilieiis
1649 1575 1702 1634 du·

688 1675 819 1756 plicibus
840 1667 1048 1737 Mommsenus
1070 1678 1212 1755 exposuit
1233 1675 1397 1739 Hermus
1421 1695 1451 1754 p.
1468 1677 1560 1740 lOss.

607 1776 741 1838 Soranus
756 1777 908 1856 Ephesius
925 1779 1060 1840 medicus
1075 1779 1184 1840 aetatis
1195 1779 1347 1840 Traianae
1361 1779 1470 1854 clarus,
1487 1781 1573 1840 euius
1589 1778 1700 1856 scripta

690 1878 813 1940 Caelius
838 1881 1020 1941 Aurelianus
1042 1881 1155 1942 Latina
1175 1881 1257 1955 lauit,
1280 1889 1376 1943 utrum
1399 1882 1509 1960 gentile
1532 1899 1569 1940 sn
1592 1898 1703 1958 eogno-

691 1999 757 2043 men
781 1979 888 2044 Sorani
916 1985 1056 2044 habuerit
1076 1986 1238 2058 incertum,
1264 2001 1332 2044 oum
1354 1983 1471 2062 reliquo
1492 1984 1558 2043 eius
1580 1983 1704 2042 nomina

690 2085 794 2162 ignota
816 2087 885 2146 sint
931 2087 1015 2147 Idem
1041 2087 1123 2148 salet
1142 2087 1180 2148 tle
1202 2085 1320 2148 Sorano
1341 2085 1460 2146 iuniore
1482 2085 1607 2146 Mallote
1629 2085 1701 2145 itam

690 2188 815 2248 meliro.

607 2289 682 2351 Sora
708 2290 887 2352 Volscorum
910 2291 1054 2368 oppidum
1078 2301 1181 2351 notum
1203 2299 1258 2352 est.

611 2393 644 2454 0.
668 2391 840 2470 Spartianus
860 2392 899 2453 1..
919 2396 947 2471 s.
972 2393 1127 2471 Gam(ilio)
1148 2391 1283 2466 Pudens,
1311 2395 1398 2454 miles
1424 2393 1558 2454 cohortis
1579 2393 1592 2454 1
1617 2411 1703 2472 prse-

693 2497 787 2556 toriae
807 2495 923 2557 Romae
938 2493 1028 2557 Grut.
1046 2495 1117 2568 530,
1134 2497 1152 2555 5
1175 2514 1213 2556 ex
1228 2495 1332 2574 Pighii
1354 2496 1506 2575 exemplo,
1527 2496 1606 2573 quod
1631 2495 1704 2572 legi·

692 2609 741 2657 tur
761 2598 789 2657 in
813 2599 932 2676 sylloge
952 2597 1018 2660 eius
1039 2597 1230 2659 Berolinensi
1252 2597 1274 2658 f.
1293 2597 1361 2660 136.

607 2699 726 2779 Spauta
753 2703 839 2761 loeus
867 2703 1002 2779 ignotum
1038 2697 1173 2778 Spaneta
1199 2702 1231 2760 in
1258 2701 1417 2761 Pannonia
1444 2708 1510 2760 erat
1537 2700 1703 2765 secuudum

607 2803 795 2863 itinerarium
818 2803 964 2864 Antonini
987 2823 1016 2880 p.
1033 2799 1139 2874 8652
1163 2805 1250 2863 alios.

610 2903 649 2964 L.
672 2903 822 2967 &otium
844 2905 963 2967 Primus
985 2905 1138 2967 Cremona
1158 2905 1356 2966 Kellermann
1378 2904 1551 2986 Vig.101a
1572 2901 1703 2982 (istil).

611 3007 654 3068 Μ.
677 3008 831 3069 Sarranus
854 3010 948 3070 Dari.
962 3052 969 3067 .
983 3051 1012 3068 ..
1036 3017 1066 3068 et

607 3109 649 3169 M.
673 3109 827 3172 Suusouoa
849 3111 989 3172 Servatur
1015 3111 1147 3172 Arimini
1174 3111 1284 3171 Murat.
1306 3108 1377 3184 748,
1399 3109 1437 3182 s;
1459 3110 1570 3170 Touini
1595 3111 1704 3170 Biminr'

690 3231 722 3290 p.
738 3211 810 3290 stt,
826 3215 877 3274 35.

607 3313 707 3376 Suasa
726 3314 873 3378 Umbriae
896 3327 967 3378 nota
988 3325 1043 3378 est.

609 3418 697 3478 Pater
712 3423 824 3479 nomine
839 3419 997 3480 sisinnus
1021 3419 1146 3480 maritus
1162 3417 1321 3480 Corneliae
1338 3417 1434 3480 Ursus
1455 3419 1613 3478 cuiusdam
1629 3415 1704 3479 Cas·

691 3521 793 3582 tulone
817 3519 852 3582 (l.
869 3523 894 3580 Ι.
908 3521 945 3582 L.
966 3522 997 3582 11
1018 3521 1109 3581 3297.

608 3620 791 3702 Comparari
813 3621 888 3685 Subi
910 3625 1021 3684 flumen
1042 3623 1282 3684 Tarraoonensis
1305 3623 1473 3700 (Pliniusi
1496 3623 1595 3702 pil).

612 3725 643 3784 Τ.
666 3725 847 3802 Saprisuaus
872 3725 903 3786 Τ.
925 3727 945 3786 l.
972 3726 1151 3786 Memorium
1171 3725 1289 3787 Romae
1309 3727 1335 3787 Ι.
1350 3725 1390 3788 N.
1408 3727 1497 3786 stou.

612 3827 644 3886 Τ.
667 3827 846 3905 Supofonua
870 3827 900 3888 Τ.
925 3829 945 3888 l.
968 3827 1118 3906 Niceplor

613 3929 644 3991 Τ.
667 3931 848 4008 Saprisonua
874 3931 904 3990 Τ.
925 3933 962 3993 0.
986 3933 1005 3990 Ι.
1030 3932 1124 4010 Μ

610 4032 775 4108 δαροᾱαηα
797 4033 829 4093 Τ.
852 4033 872 4092 l.
895 4033 969 4094 Nice
989 4032 1106 4095 Romae
1130 4035 1162 4095 in
1189 4033 1327 4112 sepulcro
1349 4035 1418 4095 viee
1439 4034 1558 4113 Appiae
1580 4033 1705 4095 Heuren

693 4135 793 4196 annal.
816 4135 944 4195 institut.
967 4137 1118 4196 arohaaol.
1135 4135 1184 4209 24,
1210 4135 1289 4197 1852
1313 4155 1342 4214 p.
1360 4136 1431 4209 ³12,
1449 4138 1497 4198 18.

611 4239 642 4296 Τ.
665 4237 843 4313 διιῠειζίαηω
866 4237 1026 4299 Antiscios
1047 4240 1077 4299 in
1102 4238 1215 4298 tabella
1233 4233 1284 4298 ‘ex
1306 4257 1379 4319 agro
1402 4233 1552 4300 Romano’
1576 4236 1653 4300 Gari
1676 4239 1706 4311 3,

693 4339 764 4410 260.
780 4341 852 4400 348.

609 4443 794 4521 Borghesius
826 4453 905 4505 reete
939 4445 1061 4518 statuit,
1094 4463 1159 4505 oum
1195 4444 1312 4504 titulum
1344 4445 1410 4504 viae
1438 4445 1557 4522 Appiae
1591 4444 1705 4520 primus

610 4545 727 4619 aderet,
758 4565 865 4606 nomen
895 4567 914 4606 a
941 4548 1007 4608 loeo
1035 4547 1165 4624 quodam
1194 4547 1362 4608 derivatum
1392 4564 1476 4619 esss3
1504 4554 1629 4623 propter
1656 4563 1707 4605 so-

611 4667 680 4708 num
709 4649 775 4708 eius
804 4651 1012 4728 peregrinum,
1046 4659 1080 4708 ut
1111 4650 1243 4728 putarit,
1277 4651 1305 4709 in
1337 4649 1441 4710 Airios
1473 4649 1605 4708 sortasse
1637 4667 1705 4708 sum

611 4751 812 4828 quaerendum
840 4769 909 4812 essa
934 4750 1070 4812 eredidit.
1113 4752 1251 4812 Italicam
1282 4759 1353 4829 puto
1378 4751 1475 4811 luisse
1496 4747 1650 4828 Supsiism
1674 4759 1708 4810 ut

610 4853 725 4914 Allifae
752 4871 889 4932 quaeque
916 4861 1071 4931 praeterea
1100 4855 1231 4913 iudicavi
1259 4853 1295 4912 ad
1328 4851 1478 4914 ilautiisui
1507 4871 1613 4912 nomen
1636 4853 1707 4911 illu·

611 4955 777 5017 strandum.

617 5057 743 5118 Teilono
768 5057 799 5118 Τ.
820 5061 849 5136 J.
874 5059 1020 5120 Amiterni
1050 5059 1143 5134 (unda
1171 5059 1280 5120 domus
1303 5057 1453 5118 senatoris
1478 5055 1594 5118 ridetur
1616 5057 1706 5133 origi·

696 5181 762 5224 uam
788 5159 931 5238 traxisse)
954 5163 980 5222 Ι.
995 5159 1035 5222 N.
1052 5159 1133 5224 5858
1157 5162 1187 5222 in
1212 5161 1298 5221 titulo
1320 5161 1396 5222 satis
1418 5161 1555 5236 antiquo,
1578 5169 1612 5219 ut
1627 5163 1654 5219 ai
1668 5177 1707 5218 sa

697 5261 846 5326 Oscorum
871 5281 952 5324 more
974 5263 1121 5342 seriptum
1143 5283 1198 5344 pro
1221 5283 1237 5324 e
1257 5265 1377 5343 aliaque
1400 5261 1617 5322 demonstrent.
