3848 5850
400 564 450 636 96
571 633 573 638 ,
762 539 765 546 ’
1017 581 1124 639 sose:
1235 593 1237 598 ·

399 755 479 833 pidia
501 771 606 832 margo
627 754 672 814 ita
691 764 739 814 est
758 755 923 830 diffractis,
944 762 979 816 nt
999 753 1119 814 litterae
1140 753 1262 832 quidem
1285 751 1439 830 perierint,
1465 749 1576 828 planae
1595 741 1743 810 -rero'an-

398 856 531 934 perdoiei
546 855 677 932 vestigia
696 845 875 934 appetent:
896 855 994 915 strix
1015 855 1107 916 nnius
1129 872 1223 933 snpra
1236 852 1393 914 cerauni
1411 852 1531 914 litteras
1552 850 1743 914 altitudinem

398 957 436 1016 sd
459 975 608 1018 summum
630 957 762 1034 lapidem
788 957 962 1036 pertingere
982 957 1121 1018 dimensa
1142 954 1243 1034 spatia
1263 953 1480 1014 demonstrent
1524 953 1640 1012 Versus
1663 951 1743 1013 tertii

398 1059 485 1118 initio
506 1060 605 1138 prima
625 1059 726 1118 littera
746 1057 771 1134 (ι
792 1057 842 1119 vel
863 1074 884 1116 τ
906 1058 955 1120 rel
976 1057 1007 1133 s)
1029 1073 1050 1116 a
1070 1056 1182 1133 lapidis
1204 1065 1341 1116 extrema
1363 1053 1498 1134 margine
1520 1055 1564 1114 ita
1582 1054 1687 1124 distat,
1709 1061 1743 1114 nt

399 1161 438 1218 ad
461 1162 593 1240 rigorem
621 1160 773 1222 subiectae
800 1147 948 1219 fastorum
975 1157 1131 1218 columnae
1159 1158 1201 1218 ait
1226 1157 1383 1217 collocata.
1427 1155 1465 1216 ld
1486 1155 1560 1215 milri
1586 1173 1647 1216 non
1673 1155 1743 1214 leve

397 1261 540 1322 indiciam
563 1261 681 1321 videtur
701 1259 967 1338 praescriptionem
990 1260 1138 1318 fastorum
1164 1273 1259 1336 supra
1284 1258 1384 1335 ipsam
1408 1258 1485 1316 bano
1506 1256 1675 1318 columnam
1694 1256 1743 1316 in·

398 1362 507 1439 cipere.
552 1359 697 1422 Universi
717 1361 879 1422 latinarum
901 1360 974 1420 insti
996 1359 1090 1438 lapidi
1111 1359 1200 1420 incisi
1228 1377 1298 1420 nnn:
1322 1378 1342 1418 a
1362 1367 1498 1436 tempora
1520 1358 1741 1418 decemviratus

398 1463 518 1522 demum
544 1463 726 1540 inceperint,
759 1463 817 1522 huo
846 1480 906 1521 nno
938 1479 999 1521 non
1031 1461 1131 1520 anaim
1162 1459 1276 1520 indicio
1301 1460 1437 1520 delinire.
1484 1459 1522 1519 ld
1549 1470 1629 1520 certe
1655 1477 1742 1538 prae-

398 1565 522 1641 scriptio
544 1564 684 1634 docebat,
713 1563 800 1624 cuius
825 1563 1117 1640 prolixumtextum
1140 1560 1234 1622 luisse
1255 1582 1272 1620 e
1295 1561 1510 1637 superstitibus
1532 1579 1560 1621 r.
1584 1561 1603 1620 2
1631 1561 1740 1622 litteris

308 1681 310 1684 ·
398 1682 521 1726 ...xva
542 1679 647 1724 avrsra
668 1665 744 1725 satis
767 1663 960 1742 intelligitur:
989 1681 1085 1738 eaque
1107 1661 1178 1738 quid
1201 1662 1330 1722 subiecti
1357 1662 1428 1722 fasti
1456 1663 1645 1722 continerent
1671 1681 1740 1724 osse

397 1765 580 1842 explicatam
606 1785 634 1826 v.
657 1767 676 1825 ³
703 1767 797 1825 verba
892 1780 984 1824 :asna
1005 1777 1157 1822 scarrrvn
1184 1765 1345 1824 manifesto
1371 1764 1516 1824 indicant.
1560 1763 1624 1826 Sub
1652 1783 1740 1843 prae·

302 1857 306 1866 ’
397 1868 560 1946 scriptione
580 1867 652 1926 lasti
675 1868 707 1925 in
728 1865 1061 1926 columnasdistribnti
1082 1865 1258 1942 procedunt.

481 1967 580 2028 Col.1
601 1987 628 2026 v.
646 1969 673 2028 5.
710 1967 894 2028 Litterarum
916 1983 1021 2026 ...vn
1043 1965 1095 2025 vix
1116 1984 1235 2026 summa
1256 1975 1288 2026 et
1307 1967 1442 2040 minima,
1456 1987 1504 2028 -ea
1525 1977 1625 2028 tamen
1646 1978 1740 2039 certa,

397 2069 526 2148 vestigia
547 2069 746 2146 deprehendi:
769 2088 847 2146 quae
869 2087 937 2129 oum
959 2068 1104 2127 historiae
1124 2085 1269 2126 romanae
1291 2069 1450 2128 annalibus
1471 2069 1594 2146 egregie
1614 2087 1740 2144 concur·

397 2171 478 2230 dant.
522 2168 602 2228 Nam
624 2168 825 2232 decemvirum
847 2179 946 2230 aetate
972 2171 1039 2228 ida:
1062 2167 1161 2228 Maiae
1186 2168 1337 2230 sollennes
1363 2172 1497 2230 ineundi:
1523 2171 1739 2247 mantibus

396 2281 480 2330 erant
506 2269 595 2344 (Lir.
610 2271 671 2344 ΙΙΙ,
694 2271 749 2342 363
777 2271 814 2332 ci.
830 2271 1004 2353 ‘Mommsen
1026 2270 1064 2328 12.
1090 2268 1193 2330 Ctroa.
1217 2290 1247 2347 p.
1263 2270 1302 2328 91
1327 2269 1374 2330 ed.
1389 2269 1444 2346 2):
1474 2289 1543 2331 rere
1563 2271 1657 2349 igitar
1676 2290 1739 2338 nnn

396 2383 466 2432 ante
480 2373 601 2431 Iunium
621 2371 740 2432 circiter
754 2389 888 2457 mensem
904 2391 923 2430 a
936 2371 1023 2430 novis
1045 2371 1283 2447 magistratibus,
1306 2371 1434 2456 qnorum
1456 2371 1489 2432 id
1510 2372 1641 2448 officium
1663 2382 1739 2448 erat,

396 2473 544 2534 celebrari
562 2482 641 2532 turn
674 2473 787 2534 latinae
819 2481 989 2556 potuerunt.
1028 2470 1223 2550 ¹Fragmenta
1249 2487 1395 2532 annornm
1423 2473 1599 2534 asta-att
1626 2473 1739 2536 latinas

395 2573 498 2653 Aprili
520 2573 569 2633 rel
590 2573 671 2632 Maio
693 2575 756 2634 iere
777 2583 951 2634 constanter
973 2571 1148 2650 adsignent:
1171 2575 1209 2634 iis
1231 2575 1320 2634 annis
1342 2575 1441 2635 idibus
1456 2575 1576 2636 Martiis
1597 2576 1739 2636 consules

395 2676 605 2752 magistratum
626 2675 745 2736 inibant
765 2674 964 2752 (Mommsen,
986 2676 1007 2734 l.
1023 2693 1050 2732 o.
1072 2691 1101 2750 p.
1118 2673 1169 2744 97,
1191 2673 1255 2752 98).
1299 2675 1389 2735 Hanc
1409 2677 1553 2738 feriarum
1575 2677 1737 2737 latinarum

394 2795 462 2834 cum
484 2790 677 2836 romanorum
700 2776 932 2854 magistratuum
954 2777 1116 2838 annalibus
1138 2777 1330 2838 concordiam
1353 2796 1381 2836 v.
1400 2778 1436 2836 ll
1460 2779 1573 2856 insigni
1595 2778 1738 2857 exemplo

394 2877 558 2938 confirmat.

480 2977 516 3038 V.
533 2978 562 3038 7.
606 2976 805 3040 Sollemnium
828 2989 968 3040 notarum
990 2996 1078 3040 Μ·
1100 2980 1229 3058 (latinns
1246 2979 1388 3058 firmat)
1415 2979 1513 3040 altera
1534 2979 1736 3054 desiderator:

395 3079 484 3138 unico
499 3080 529 3138 in
545 3080 593 3139 his
607 3078 707 3152 iestis,
719 3089 863 3158 quantum
878 3081 917 3140 ad
932 3081 1009 3140 hano
1024 3081 1104 3142 diem
1118 3083 1270 3156 novimus,
1285 3081 1426 3157 exemplo
1437 3081 1477 3158 ¹).
1507 3081 1544 3142 ln
1559 3081 1738 3160 fragmento,

394 3179 477 3257 quod
498 3179 661 3243 Hennenns
685 3179 782 3242 edidit
800 3181 822 3240 l.
836 3201 862 3242 a.
885 3199 916 3260 p.
933 3177 1002 3256 1³2,
1023 3185 1053 3256 4,
1081 3183 1145 3243 nd
1166 3184 1267 3244 littera
1288 3199 1305 3242 r
1327 3183 1405 3242 hand
1432 3183 1546 3246 amissa
1568 3203 1588 3244 a
1608 3183 1740 3261 lapicida

394 3291 449 3352 est,
472 3281 526 3342 sed
548 3283 646 3360 perlit.

478 3382 516 3441 V.
533 3381 562 3442 8.
605 3385 776 3460 Antequam
798 3384 998 3462 fragmentum
1023 3387 1037 3444 1
1063 3396 1145 3448 esset
1170 3395 1323 3464 repertum
1349 3395 1379 3446 et
1400 3385 1419 3446 3
1442 3404 1498 3446 suo
1525 3388 1594 3447 loco
1616 3387 1738 3447 restitu-

394 3491 468 3554 tum,
490 3502 568 3560 quas
589 3485 621 3544 in
643 3501 762 3544 summa
781 3486 914 3546 tractura
932 3487 1044 3564 lapidis
1061 3490 1079 3546 3
1096 3497 1275 3570 supererant
1293 3488 1406 3566 exigua
1426 3488 1594 3548 litterarum
1611 3489 1739 3566 vestigia
1849 3519 1854 3528 v

394 3584 531 3646 Henneni
557 3583 710 3662 ingenium
734 3587 821 3646 valde
848 3597 1010 3652 torserunt
1055 3591 1245 3652 Burmannus
1272 3589 1394 3666 quidem
1420 3591 1452 3650 in
1481 3591 1549 3666 ipso
1571 3603 1672 3650 monte
1694 3589 1738 3649 si·

393 3685 472 3744 bano
500 3705 537 3744 ea
565 3694 647 3746 recte
667 3685 890 3765 descripserat:
917 3688 956 3748 iis
979 3708 1050 3749 vero
1078 3689 1189 3750 idonea
1214 3693 1425 3768 supplementa
1453 3689 1537 3752 nulla
1558 3691 1738 3756 videbantur

393 3803 486 3863 posse
507 3786 652 3846 adhiberi.
690 3787 741 3847 Ab
761 3787 908 3849 Henaeno
932 3799 1057 3870 rogatus
1087 3791 1217 3870 lapidem
1244 3809 1300 3870 ago
1327 3791 1448 3870 inspexi
1470 3791 1599 3852 Rumam
1627 3794 1738 3872 adpor-

393 3896 499 3947 tatum.
536 3887 714 3948 Extremnm
731 3890 881 3967 angulum
903 3891 947 3950 ita
967 3892 1109 3952 detritum
1132 3893 1209 3962 ridi,
1232 3901 1324 3952 uteo
1346 3893 1414 3952 loco
1437 3895 1538 3970 potios
1560 3925 1580 3954 a
1601 3913 1690 3971 quam
1713 3907 1736 3954 rt

393 3999 567 4066 appareret:
590 4007 652 4065 quo
672 3989 785 4050 iactum
808 3999 855 4052 est
870 4001 903 4050 ut
917 3991 1081 4054 Henzenua
1096 3994 1283 4071 suppleverit
1296 3995 1448 4054 consulant
1463 4004 1614 4056 retectae.
1646 3995 1737 4058 Nunc

393 4088 534 4166 quamvis
555 4088 656 4168 lapide
677 4089 833 4168 deperdito
855 4111 892 4154 ea
914 4094 1044 4171 vestigia
1064 4105 1213 4170 nequeant
1234 4095 1341 4156 iterato
1362 4097 1473 4156 subiici
1494 4098 1643 4169 examini,
1670 4097 1735 4158 nul·

391 4189 454 4250 lum
480 4191 631 4266 reliquum
658 4191 782 4252 dubium
811 4203 871 4266 cst,
904 4195 977 4270 quin
1004 4193 1170 4254 Burmanni
1196 4194 1287 4256 lectio
1315 4197 1473 4258 :ctissime
1498 4199 1548 4257 sit.
1591 4199 1630 4259 ld
1654 4197 1737 4259 ulare

391 4291 500 4350 docent
519 4292 688 4368 fragmenta
709 4303 779 4370 apte
801 4298 970 4372 composita
994 4307 1024 4354 et
1050 4296 1146 4374 ipsius
1173 4297 1285 4375 lapidis
1310 4309 1451 4376 eotypum
1473 4300 1536 4358 uda
1558 4299 1663 4359 abana
1684 4319 1736 4360 ex·

390 4411 530 4468 pressum
552 4393 584 4450 in
606 4402 707 4454 munte
732 4395 856 4469 albano,
879 4405 1039 4472 antequam
1063 4398 1145 4476 longi
1168 4398 1283 4460 itineris
1304 4400 1409 4460 attritu
1432 4402 1613 4478 superstites
1634 4403 1737 4480 apices

392 4493 499 4552 faciem
522 4503 682 4554 mutarent
1707 4561 1711 4570 ,

475 4593 618 4656 Lectione
633 4599 797 4656 constituta
817 4617 878 4658 non
893 4599 1054 4660 mediocris
1076 4601 1165 4678 pretii
1185 4601 1287 4662 locum
1309 4621 1402 4682 pergo
1417 4603 1583 4664 illustrare.
1613 4604 1655 4664 ld.
1670 4603 1735 4664 llo·

391 4695 468 4756 ratio
490 4693 624 4758 Barbato
647 4700 764 4758 consuli
790 4719 817 4759 a.
841 4699 902 4760 305
930 4700 1042 4778 duplex
1064 4701 1131 4760 heio
1151 4720 1319 4779 cognomen
1341 4705 1551 4776 adscribitur}
1565 4705 1734 4768 litterarum

390 4796 470 4862 enim
499 4798 630 4875 vestigia
653 4831 748 4860 .....
749 4800 803 4874 ln,
832 4801 895 4862 sira
921 4802 977 4862 illa
1004 4802 1144 4863 ...salte
1174 4805 1239 4865 aire
1262 4805 1420 4868 ...neta
1450 4808 1664 4886 suppleamus,
1692 4807 1748 4869 nil·

468 5031 505 5098 ¹)'
518 5034 560 5100 [Sl
579 5039 643 5104 quid
662 5041 752 5102 rideo,
772 5042 800 5092 ln
818 5041 903 5094 dedali
921 5042 985 5095 dull:
997 5039 1098 5095 'livinis
1116 5043 1230 5112 teqttsts
1247 5043 1405 5110 antehac
1422 5041 1558 5111 listinae)
1578 5063 1628 5100 nan
1645 5047 1733 5116 [ffat-

366 5126 483 5206 ¹rastil.
521 5129 629 5184 Seillust
646 5133 735 5184 atteris
753 5133 846 5188 Xriris
863 5141 954 5200 utpote
970 5135 1075 5188 :marm
1093 5135 1144 5210 bae
1163 5148 1266 5204 quoqne
1285 5137 1492 5203 exprobrabatur
1511 5139 1591 5192 imina
1616 5141 1734 5210 publicu

388 5231 435 5274 cos
454 5221 627 5277 pontense.
667 5223 720 5276 Ta.
733 5221 786 5289 ld]
903 5234 907 5242 ·
