3848 5850
620 591 788 654 *orsusm
810 589 1030 642 ououarou.
1052 593 1076 642 n
1473 569 1521 640 89

219 787 222 791 ·
260 762 458 826 Manifestum
483 765 577 840 igitur
597 763 716 824 ridetur
737 781 820 832 esse,
850 763 998 838 siquidem
1027 764 1209 840 cognomina
1235 763 1300 822 eius
1326 765 1440 824 formae
1460 783 1524 822 om·

175 867 250 926 cino
276 867 308 926 in
337 879 394 926 usti
423 867 558 936 suerunt,
585 865 709 924 nomina
736 863 891 940 gentilicia
913 881 1040 940 prorsus
1062 865 1228 940 aequaliter
1249 865 1379 922 formata
1400 865 1439 922 ab
1461 866 1524 924 iliis

177 967 224 1026 vel
247 967 363 1043 origine
386 968 434 1026 vel
457 985 515 1028 usu
537 968 659 1026 diversa
680 966 767 1024 iuise.
806 966 907 1042 Atque
929 965 1060 1040 primum
1074 965 1131 1024 boo
1145 964 1378 1036 obseruandum,
1401 966 1525 1024 nomina

175 1069 334 1148 gentilicio
353 1071 386 1128 in
407 1087 482 1129 enar
504 1087 601 1145 paone
622 1065 724 1125 omnia
745 1067 920 1142 antiquiora
940 1083 1012 1126 esse
1032 1083 1122 1142 quam
1139 1069 1333 1142 cognomium
1356 1086 1454 1142 neque
1469 1069 1524 1126 mi·

175 1185 235 1230 nus
261 1169 324 1228 iliis
350 1170 518 1228 recentiore
545 1169 668 1227 nomina
693 1169 726 1228 in
746 1171 833 1226 onius
860 1174 940 1226 sunt.
983 1165 1135 1243 Exempla
1156 1167 1236 1226 onim
1257 1185 1334 1243 quac
1356 1169 1523 1245 composui,

174 1279 305 1350 excepta
326 1290 431 1330 corum
453 1277 539 1346 parte
557 1279 637 1348 quse
659 1271 691 1328 in
713 1271 812 1338 unas,
839 1287 900 1328 non
922 1269 953 1326 in
976 1283 1049 1327 enus
1071 1269 1284 1340 terminantur,
1310 1283 1364 1326 sut
1389 1287 1428 1326 ex
1447 1271 1524 1330 libc-

176 1389 228 1432 rsa
254 1373 300 1431 rai
327 1371 466 1448 publicae
495 1371 679 1449 temporibus
705 1369 868 1446 repetenda
894 1367 993 1444 (reiut
1018 1369 1180 1442 Aefulanus
1206 1369 1405 1430 Albinouanus
1430 1373 1523 1430 Boio·

174 1493 227 1534 aar
251 1471 423 1547 Marcionita
443 1472 641 1532 Nomentanae
663 1471 819 1531 Norbanus
842 1470 1015 1530 Son-iconae
1037 1471 1179 1530 Scatonur
1201 1466 1355 1530 *menum
1382 1471 1524 1546 Ver-enus)

176 1583 228 1634 aut
257 1582 340 1633 certe
365 1573 488 1634 saeculo
509 1575 608 1652 primo
631 1573 764 1632 alterove
787 1593 847 1632 nou
868 1571 1036 1631 recentiora
1057 1583 1136 1631 sunt.
1186 1573 1294 1648 ltaque
1315 1573 1352 1630 ad
1377 1581 1523 1630 vetustam

176 1676 311 1754 aliquam
338 1675 602 1744 consuetudinem,
631 1693 692 1732 non
720 1675 760 1732 ad
789 1673 966 1734 recentioris
995 1674 1140 1750 temporis
1168 1673 1373 1733 confusionem
1402 1677 1525 1734 nomina

177 1777 255 1836 baec
279 1777 440 1837 reserenda
466 1788 550 1848 sunt3
576 1775 608 1834 io
634 1777 713 1853 quod
740 1775 829 1834 etiam
853 1775 1015 1834 multitudo
1034 1794 1138 1833 eorum
1160 1775 1281 1834 indicat.
1325 1775 1362 1835 In
1384 1783 1525 1853 promptu

175 1885 224 1936 est
246 1878 412 1954 explicatio
434 1896 479 1947 ea,
503 1887 537 1936 ut
557 1877 695 1936 homines
718 1877 789 1936 illos
804 1897 824 1935 a
836 1877 936 1936 servis
951 1875 1097 1938 oriuocioa
1112 1889 1263 1952 putemus,
1285 1878 1337 1954 qui
1352 1895 1419 1938 cnm
1434 1877 1524 1938 liber-

177 1986 237 2036 tate
266 1979 358 2038 etiam
385 1998 495 2038 nemon
521 1979 711 2054 accepissent
736 1998 755 2036 a
779 1998 813 2036 re
835 1978 957 2054 publice
978 1977 1047 2051 iiia,
1074 1974 1162 2038 coins
1188 1978 1261 2036 oiim
1283 1979 1362 2037 servi
1384 1979 1524 2039 fuissent.

177 2083 280 2157 Atque
301 2099 366 2140 reru
388 2081 539 2158 publicam
562 2095 728 2156 somnoque
749 2079 896 2138 babuisse
912 2079 999 2140 locos
1013 2079 1085 2140 iilos
1098 2095 1213 2150 omnen,
1236 2080 1315 2139 unde
1329 2081 1527 2140 nomiuaista

176 2182 375 2258 proveniunt.
392 2197 564 2256 quanquam
587 2181 789 2241 demonstrari
812 2181 915 2256 nequit
928 2181 960 2240 in
975 2180 1125 2252 omnibus,
1148 2199 1215 2240 eum
1232 2181 1411 2256 praesertim
1427 2181 1524 2258 plera·

178 2301 237 2358 que
259 2292 314 2341 aut
335 2282 408 2340 oiim
430 2283 583 2342 interiisse
605 2291 659 2342 aut
678 2281 769 2362 piane
784 2284 887 2360 ignote
902 2282 1053 2342 mansisse
1067 2281 1243 2352 viderimus,
1264 2281 1329 2340 fieri
1345 2281 1444 2358 potuit
1458 2284 1526 2343 sino

178 2383 281 2443 dubio.
316 2382 379 2444 see
401 2385 503 2442 obstat
524 2381 660 2460 opinioni
681 2381 726 2442 ilii
748 2383 871 2459 duplex,
894 2383 952 2442 nisi
974 2382 1074 2450 fallor,
1096 2382 1278 2441 observatio.
1312 2381 1448 2442 Primum
1472 2386 1524 2460 qui

178 2503 217 2544 ex
231 2485 359 2544 servitio
371 2483 541 2544 libertatem
556 2485 657 2561 adepti
676 2493 757 2554 sunt,
780 2485 802 2541 ii
818 2484 898 2542 omui
913 2484 1031 2542 ratione
1045 2485 1076 2542 id
1092 2482 1212 2542 efficere
1225 2483 1397 2554 volucrunt,
1419 2493 1454 2544 ut
1468 2505 1523 2562 pro

178 2587 317 2664 ingenuis
339 2587 522 2645 haberentur
543 2605 619 2646 neve
641 2594 767 2646 externa
787 2587 901 2646 veteris
924 2583 1108 2644 condicionis
1130 2584 1242 2642 indicia
1262 2585 1436 2646 retinerent.
1477 2587 1525 2648 its
1620 2669 1623 2676 ¹

178 2687 228 2762 qui
254 2687 329 2746 olim
351 2685 524 2748 nominibus
546 2687 707 2765 genetiuis
729 2696 759 2748 ct
779 2687 1025 2762 praenominibus
1048 2693 1244 2762 patronorum
1269 2687 1310 2744 uti
1334 2688 1420 2746 vetiti
1443 2696 1523 2761 sunt,

179 2787 338 2863 paullatim
361 2807 399 2846 ea
420 2789 523 2848 omnia
544 2789 602 2848 sibi
625 2787 867 2859 vindicaverunt5
895 2789 1076 2866 cognomina
1097 2787 1162 2846 sola
1183 2797 1303 2864 praeter
1328 2799 1523 2864 patronorum

179 2887 393 2948 iudicationem
420 2890 540 2949 servilis
567 2890 693 2968 originis
720 2889 848 2963 indicia,
875 2907 935 2948 non
956 2889 1132 2948 testimonia
1152 2897 1272 2948 servate
1294 2899 1373 2948 aunt.
1417 2891 1525 2966 ltaque

178 2987 318 3050 homines
338 2990 385 3050 illi
408 2992 435 3050 si
456 2991 525 3066 ipsa
545 2991 766 3068 gentiliciorum
787 2991 887 3050 forma
908 3011 928 3049 a
948 2991 1133 3067 reliquorum
1155 2991 1247 3068 place
1269 2992 1388 3050 diverso
1410 2993 1452 3050 uti
1473 3003 1526 3052 aut

177 3089 242 3168 ipsi
261 3090 436 3151 voluissent
461 3100 512 3150 aut
538 3093 614 3153 iussi
641 3099 758 3165 essent,
784 3091 913 3170 originis
940 3109 1002 3150 non
1027 3091 1142 3152 liberae
1168 3091 1312 3150 indicium
1340 3091 1523 3152 luculentum

178 3191 420 3268 proposuissent.
464 3193 585 3252 Deinde
608 3201 678 3252 vcro
701 3191 952 3270 quemadmodum
975 3191 1027 3269 qui
1049 3201 1147 3253 certas
1169 3191 1209 3252 ob
1230 3209 1339 3252 ocusas
1361 3194 1523 3254 manumis-

179 3292 274 3353 sionis
301 3311 321 3351 a
347 3313 381 3352 re
406 3293 510 3371 aliqua
538 3295 660 3370 publicu
681 3296 778 3353 saetae
800 3294 976 3354 memoriam
998 3312 1120 3353 serrare
1141 3303 1194 3352 aut
1216 3294 1377 3352 voluerunt
1398 3303 1451 3355 sut
1473 3296 1523 3354 de·

178 3395 307 3454 buerunt
336 3397 459 3454 uomina
484 3395 639 3472 gentilicio
666 3395 861 3454 formaverint
890 3395 1032 3470 exempla
1059 3396 1207 3454 nonnulla
1233 3396 1350 3454 docent
1394 3395 1432 3456 In
1458 3395 1523 3454 uni·

179 3513 297 3554 rasum
320 3498 372 3572 qui
395 3497 660 3574 pubiicissuliouiua
682 3496 762 3556 servi
783 3495 905 3556 fueraut
925 3495 1052 3556 Perbiioii
1074 3496 1145 3555 dieti
1168 3505 1241 3556 siret
1260 3504 1331 3575 post
1355 3497 1522 3556 libertatem

179 3597 329 3673 adeptam,
353 3604 385 3656 ut
406 3599 516 3657 docent
537 3598 679 3674 exempla
700 3599 789 3656 hacc:

265 3699 317 3758 Cn.
330 3697 480 3757 Publicius
495 3699 667 3770 Menander,
690 3699 840 3758 libertinas
863 3698 956 3770 bomo,
976 3717 1059 3776 quem
1080 3701 1160 3776 apud
1180 3703 1305 3758 maiorer
1327 3700 1413 3777 lopati
1431 3703 1525 3764 noetri

346 3804 377 3856 in
402 3797 556 3874 Graeciam
580 3803 791 3878 proficiscentes
816 3804 997 3876 interpretem
1022 3817 1116 3859 secum
1143 3799 1247 3859 babere
1272 3801 1423 3860 uoluerunt
1447 3811 1523 3862 teste

345 3899 493 3960 Cicerone
516 3901 591 3978 (pro
614 3901 713 3965 Balbo
734 3904 788 3972 11,
808 3899 878 3978 28),
905 3901 959 3978 qui
985 3901 1022 3960 de
1048 3920 1085 3960 eo
1111 3901 1149 3958 ad
1167 3901 1317 3979 'populum
1338 3903 1431 3962 iatum
1454 3923 1523 3964 esse

347 4002 447 4074 addit,
474 4011 509 4061 ut
526 4007 552 4062 is
574 4001 740 4074 Publicius,
764 4008 792 4062 si
813 4005 926 4062 domum
946 4007 1099 4062 reamissa
1119 4011 1146 4060 ot
1164 4004 1232 4060 inde
1252 4002 1372 4062 Romam
1392 4005 1524 4073 rerum,

345 4122 382 4161 ne
402 4107 496 4162 nanas
519 4107 591 4163 ciuis
613 4113 692 4162 osset.

263 4203 301 4262 A.
330 4204 483 4264 Publicium
513 4205 689 4277 Gemonus,
719 4208 855 4264 tuendos
883 4205 1020 4284 semiiino
1043 4205 1178 4282 prebiiccs
1205 4207 1369 4266 colonorum
1396 4208 1524 4268 coioniae

348 4305 494 4365 Patriciae
517 4316 674 4383 perpetuas
697 4305 858 4366 Cordubae
886 4305 920 4366 G.
942 4307 968 4364 1.
985 4304 1022 4364 L.
1043 4307 1075 4364 11
1095 4304 1187 4368 2229.
1229 4307 1307 4368 Vide
1335 4327 1427 4385 supra
1452 4309 1522 4368 Ger·

346 4425 450 4466 monas
472 4393 501 4465 in
524 4408 623 4466 indice
644 4409 866 4486 cognominum.

262 4505 306 4566 Μ.
323 4507 473 4566 Publicius
495 4507 623 4566 coloniae
645 4509 761 4568 liberter
776 4507 965 4568 Philodamus
984 4509 1112 4568 Venafri
1126 4509 1152 4568 1.
1166 4509 1206 4569 N.
1223 4511 1305 4570 4703
1328 4511 1382 4586 (=
1398 4511 1522 4572 chzen

347 4607 453 4684 6398).

265 4709 297 4768 0.
325 4709 475 4768 Publicius
506 4714 680 4790 mancipans
709 4712 981 4772 Mediolonieasiam
1014 4711 1160 4792 1(r'bernrr)
1190 4712 1357 4772 Alarondar
1388 4717 1419 4774 in
1449 4733 1521 4792 egro

347 4809 530 4872 novariensi
552 4810 630 4872 orl.
647 4809 684 4870 L.
701 4811 731 4872 V
745 4811 829 4873 6630
852 4814 905 4889 (-··=
924 4812 1020 4873 Oreil.
1037 4813 1145 4890 4905).

262 4909 301 4969 L.
325 4911 472 4992 Publicius
492 4912 640 4990 Eutyches
667 4917 818 4990 municipii
842 4915 993 4974 Toroisini
1015 4915 1132 4975 ticam
1153 4915 1286 4975 Tarvisii
1310 4913 1346 4975 0.
1366 4917 1392 4976 1.
1412 4917 1451 4976 L.
1471 4916 1522 4976 111

347 5012 428 5072 2109
449 5008 505 5088 (--·
523 5011 611 5090 Grut-
625 5013 676 5086 83,
696 5016 758 5092 ib).

267 5113 302 5186 Q„
330 5113 480 5174 Rebiieius
511 5114 771 5194 Tergestinomm)
785 5151 787 5154 -
801 5117 921 5178 libertus
950 5117 1035 5178 Folio
1060 5117 1208 5200 Tergeste
1238 5115 1273 5180 0.
1300 5117 1325 5178 1.
1348 5117 1385 5178 L.
1408 5117 1438 5176 V
1460 5115 1521 5180 628

347 5213 400 5292 (e
416 5213 543 5276 Horren
559 5215 666 5294 6³97).
