3794 5850
400 602 450 674 20
933 711 934 714 .
996 621 1135 676 namur.

400 804 523 856 sensata
549 803 629 868 erat3
660 795 742 874 quod
766 795 890 855 tradidit
910 813 1019 856 nomen
1040 798 1145 874 utique
1166 794 1276 856 ielsum
1299 805 1353 856 eet.
1397 793 1599 873 Theophanes
1620 795 1741 872 reliquit

399 895 494 957 lilium
516 895 558 960 M.
580 895 758 974 Pompeium
785 904 863 958 teste
885 894 1035 958 Strabone
1057 896 1162 974 (XIII,
1185 897 1261 974 618)
1286 897 1338 974 qui
1360 898 1388 956 ei
1409 897 1491 974 apud
1512 897 1666 957 Tiberium
1690 915 1738 956 ac·

400 999 582 1084 ceptiasimo
597 999 739 1078 aequalis,
755 998 822 1059 luit.
855 999 957 1058 Peene
979 1009 1092 1060 ceruum
1114 997 1242 1074 uidetur,
1265 1001 1354 1058 etiam
1369 1008 1484 1078 patrem
1499 999 1632 1059 Marcum
1649 999 1739 1058 Poru-

399 1103 498 1178 peium
523 1100 706 1160 nominatum
721 1101 828 1174 foisse,
843 1099 1048 1179 Capitolinum
1063 1109 1164 1161 antem
1178 1101 1337 1162 erravisse.
1370 1099 1497 1178 Pompei
1513 1101 1627 1161 amicus
1642 1101 1740 1162 nesci·

399 1203 466 1262 inus
490 1221 549 1280 quo
565 1221 644 1289 anno
659 1211 795 1263 mortuus
810 1203 859 1263 sit.
893 1203 970 1263 Post
979 1203 1131 1282 proelium
1145 1203 1358 1264 Pharsalicum
1373 1221 1440 1262 cum
1455 1201 1603 1280 Pompeio
1618 1202 1739 1282 Mytile-

399 1323 457 1363 nen
479 1305 631 1383 profectus
653 1323 725 1366 mon
746 1305 799 1364 illo
820 1313 940 1365 mortuo
954 1303 1083 1381 Romam
1105 1323 1245 1366 reversus
1268 1306 1332 1366 otia
1351 1303 1460 1365 litteris
1477 1305 1596 1366 dicasse
1610 1305 1738 1365 videtur.

400 1406 439 1465 A.
456 1405 496 1465 44
517 1406 696 1466 interrivos
719 1416 893 1467 numeratur
914 1427 933 1466 e
947 1405 1096 1467 Cicerone
1117 1408 1154 1466 acl
1170 1410 1234 1466 Art.
1249 1407 1310 1467 XV
1327 1407 1376 1466 ts.
1412 1407 1739 1488 Murcum'Pompeinm

399 1499 496 1568 filium
510 1509 644 1587 Augusti
658 1505 804 1570 benehciu
819 1509 914 1570 letae
928 1518 1153 1587 procuratorem
1168 1509 1274 1582 luisse,
1291 1508 1398 1570 deiude
1412 1496 1567 1570 Tiberium
1582 1510 1610 1570 ei
1625 1507 1738 1570 iuvisse

399 1607 508 1672 Strabo
524 1619 628 1671 auctor
642 1617 698 1671 est.
730 1612 811 1671 lrom
827 1629 898 1670 vero
914 1611 1030 1671 Tiberii
1046 1613 1162 1690 experti
1179 1621 1250 1671 suut
1265 1611 1376 1688 posteri
1391 1610 1468 1682 eius,
1482 1629 1544 1688 quo
1559 1611 1596 1670 de
1610 1605 1738 1671 Tacitus

402 1708 468 1774 Ser.
485 1710 585 1773 Galba
598 1711 635 1772 L.
652 1711 740 1774 Sulla
758 1731 819 1773 cos.
840 1732 867 1772 a
880 1712 919 1772 33
938 1713 1032 1774 haece
1051 1722 1155 1774 narrat
1176 1711 1373 1789 (A.1vtt)=
1394 1707 1496 1772 ‘etiam
1515 1712 1547 1773 in
1562 1711 1737 1790 Pompeiam

399 1814 564 1875 Mucrinam
591 1814 716 1875 exilium
739 1815 894 1886 statuitur,
920 1815 1007 1876 cuius
1029 1813 1169 1876 meritum
1190 1815 1366 1892 Argolicum
1389 1831 1527 1875 socerum
1548 1813 1738 1876 Laconsme

365 1901 369 1908 ⁴
399 1915 583 1994 primoribus
604 1916 794 1976 Achaeorum
817 1915 932 1996 Caesar
959 1917 1132 1990 addixeram
1159 1925 1243 1994 pater
1264 1933 1384 1994 quoque
1403 1916 1541 1976 inlustris
1563 1935 1655 1994 eques
1675 1917 1739 1977 Ro·

400 2035 508 2078 manus
530 2036 566 2079 ae
587 2018 680 2078 irater
701 2019 870 2098 praetorius
892 2037 960 2082 cum
981 2019 1133 2080 damnatio
1154 2020 1283 2078 instaret
1304 2018 1408 2096 seipsi
1423 2017 1612 2080 interfecere:
1634 2017 1738 2078 daturo

400 2129 465 2179 erut
489 2119 622 2195 crimini,
650 2121 730 2198 quod
752 2119 959 2196 Theophanen
981 2121 1198 2198 Mytilenaeum
1227 2139 1372 2197 proavum
1399 2139 1504 2180 eorum
1529 2117 1586 2181 Gn.
1608 2119 1737 2197 Magnus

397 2222 478 2282 inter
496 2223 621 2284 intimos
638 2221 795 2283 habuisset
808 2221 947 2300 quotque
962 2221 1101 2284 defuncto
1115 2221 1297 2299 Theophani
1311 2221 1457 2282 caelestes
1472 2221 1604 2282 honores
1620 2220 1739 2283 Graeca

399 2323 533 2384 Muluio
555 2319 720 2386 tribuerat?
755 2323 893 2384 Proavus
916 2323 1030 2384 scilicet
1046 2323 1249 2401 Theophanes
1271 2323 1327 2383 luit
1347 2323 1512 2400 Pompeiae
1534 2324 1687 2386 Macrinus
1709 2331 1739 2382 et

397 2425 502 2486 fratris
523 2425 678 2502 praetorii,
699 2434 734 2485 ut
753 2433 839 2504 pater
859 2425 998 2486 inlustria
1014 2443 1107 2502 eques
1122 2425 1278 2486 Romanum
1294 2427 1389 2486 Marci
1403 2423 1530 2503 Pompei
1546 2425 1625 2486 tilius
1638 2425 1738 2485 tuerit.

400 2525 519 2588 Fratris
546 2527 692 2606 praetorii
712 2528 845 2591 fortasse
867 2527 996 2606 sliquam
1019 2528 1195 2588 memoriam
1217 2527 1356 2605 quemvis
1378 2528 1520 2606 exiguam
1542 2537 1678 2588 tenemus
1699 2545 1739 2588 ex

345 2613 347 2618 ⁵
399 2629 504 2692 ecdem
526 2628 634 2690 Tacito
660 2627 961 2706 Ano.172(e.15
986 2627 1091 2690 Druso
1120 2627 1252 2690 Caesare
1281 2627 1317 2690 0.
1344 2627 1489 2692 Norbano
1517 2629 1625 2704 coss.):
1653 2625 1738 2690 ‘mox

398 2729 542 2790 Tiberius
569 2729 759 2790 consultante
782 2731 926 2818 Pompeio
950 2731 1053 2790 Macro
1072 2723 1219 2809 'praetore
1245 2749 1284 2790 en
1309 2728 1420 2791 iudicia
1442 2731 1611 2792 maiestatis
1632 2731 1738 2790 redde-

398 2841 512 2907 rentur,
537 2832 720 2894 exeroendut
742 2832 825 2912 leges
846 2849 914 2892 esse
935 2827 1109 2910 respondit?
1154 2829 1296 2894 Sororem
1318 2833 1412 2894 exilio
1433 2832 1588 2893 multatam
1609 2833 1641 2892 iu
1661 2831 1736 2892 Les·

399 2935 472 2994 hum
494 2934 625 3012 patriam
646 2934 775 2996 insulam
798 2934 922 2996 rediisse
945 2934 1107 2994 uerisimile
1129 2944 1186 2994 est.
1307 2919 1310 2926 ’

478 3036 532 3096 Ae
567 3037 646 3097 hanc
679 3037 825 3098 lumiliam
861 3037 999 3096 lomunae
1035 3037 1152 3097 vicibus
1185 3039 1260 3098 satis
1292 3037 1435 3116 agitatam
1468 3044 1504 3096 nt
1534 3055 1588 3098 eos
1619 3037 1673 3115 qui
1702 3025 1736 3097 in
1769 3077 1770 3080 κ

399 3135 493 3198 titolo
525 3137 583 3198 hoo
615 3145 821 3201 memorantur
850 3139 988 3198 homines
1019 3139 1176 3208 referrem,
1208 3139 1267 3198 trin
1298 3157 1346 3198 me
1377 3138 1571 3199 induxerunt:
1609 3140 1738 3217 primum

399 3237 612 3320 Pompeiorum
639 3258 749 3300 nomen
776 3241 902 3318 gentile,
929 3239 1036 3300 deinde
1059 3241 1210 3300 Macrinus
1240 3259 1419 3318 cognomen,
1446 3241 1576 3318 denique
1602 3240 1684 3318 quod
1706 3241 1738 3300 in

398 3339 500 3402 Lesbo
527 3341 631 3414 insula
656 3351 793 3422 repertus
820 3351 869 3402 est
894 3341 999 3418 titulus
1028 3350 1058 3402 et
1085 3341 1207 3420 quidem
1235 3341 1267 3402 in
1289 3343 1358 3422 ipsa
1378 3342 1629 3419 Mytilenaeorum
1652 3342 1736 3402 urbe.

398 3441 526 3503 lemma
551 3443 632 3505 enim
659 3452 720 3504 est:
748 3443 863 3506 Ibidem·
890 3444 919 3503 h.
940 3461 966 3505 e.
993 3443 1025 3503 in
1052 3444 1169 3504 balneis
1190 3442 1299 3515 Lesbi,
1324 3461 1402 3520 qnae
1423 3445 1532 3504 balnea
1553 3457 1623 3505 sunt
1644 3461 1737 3523 prope

399 3540 566 3626 Mytilenen
587 3547 662 3619 site,
682 3543 986 3606 DianaeThermiae
1008 3547 1103 3624 saeris
1124 3545 1272 3623 festisque
1293 3547 1458 3620 celebrata,
1480 3545 1647 3624 dequibus
1669 3545 1738 3605 ride

401 3645 503 3708 Conse
524 3645 643 3710 Lesbos
669 3667 699 3726 p.
717 3647 766 3708 te.
809 3643 977 3708 Gonhrmat
1003 3646 1133 3725 denique
1159 3649 1360 3734 coniecturam
1387 3647 1428 3708 M.
1454 3648 1581 3726 Pompei
1608 3647 1734 3708 Macrini

400 3755 540 3826 quartum
560 3768 671 3810 nomen
693 3741 866 3827 corruptum
888 3753 1106 3810 ΘΕΟΙΑΝΝΕΙ.
1139 3733 1210 3810 Nou
1232 3749 1352 3812 invenio
1374 3751 1446 3830 quid
1460 3751 1582 3836 lucilius
1598 3751 1737 3828 aptiusve

400 3853 519 3912 restitui
540 3852 640 3930 possit
660 3868 757 3931 quam·
771 3849 846 3912 illud
867 3852 948 3930 quod
969 3853 1113 3930 proposui
1135 3869 1244 3912 nomen
1260 3843 1412 3928 Θεοφάνου
1434 3871 1454 3912 a
1472 3852 1571 3932 gentis
1583 3852 1738 3912 conditore

400 3953 543 4014 traditum
569 3963 789 4034 receptumque.-
833 3953 995 4032 Duplicem
1021 3959 1043 4008 Ν
1071 3954 1201 4015 litteram
1228 3973 1289 4014 non
1316 3954 1443 4015 obstabo
1471 3957 1496 4016 si
1524 3953 1593 4033 quis
1619 3949 1737 4014 librarii

400 4055 607 4134 neglegentiae
632 4055 803 4116 condonare
823 4054 911 4128 telit3
939 4056 996 4116 aed
1020 4061 1121 4132 potest
1147 4057 1237 4118 etiam
1262 4049 1329 4136 lege
1354 4056 1408 4116 niti
1437 4065 1527 4136 quam
1548 4055 1736 4136 grammatici

400 4174 512 4236 eosque
534 4157 629 4218 secuti
650 4151 733 4218 illius
754 4158 899 4237 temporis
914 4153 1081 4218 Aeoleneee
1102 4175 1142 4217 ex
1163 4159 1242 4219 mule
1263 4159 1416 4220 intellecto
1436 4160 1557 4240 linguae
1571 4179 1628 4222 usu
1642 4159 1738 4220 duxe-

399 4267 478 4331 runt,
501 4257 593 4320 veluti
615 4256 783 4338 Gregorius
805 4259 875 4321 Cor.
893 4257 967 4322 609:
990 4247 1066 4318 οὗτοι
1087 4249 1185 4318 πάντα
1205 4253 1243 4318 rui
1266 4251 1409 4340 σύμφωνα·
1431 4251 1672 4333 baniaritiam
1691 4251 1737 4319 isti

398 4357 455 4418 ruia
474 4351 633 4444 βραχίων·
656 4355 692 4424 aie
712 4355 744 4419 ri
765 4351 876 4432 iussas,
897 4351 972 4432 isne,
993 4351 1094 4422 ιᾶννοσ.
1110 4393 1152 4408 -
1179 4365 1211 4420 ΕΙ
1236 4362 1266 4422 in
1290 4365 1344 4422 ot(
1365 4371 1529 4424 ccrreotnm
1550 4363 1627 4424 nihil
1649 4359 1739 4423 hahet

400 4460 593 4536 offensionis,
620 4463 711 4524 modo
734 4453 869 4525 lunatam
895 4462 992 4526 fuisse
1018 4463 1137 4526 litterae
1165 4467 1187 4520 Ε
1213 4463 1339 4525 formam
1362 4465 1461 4544 lingas
1483 4463 1545 4545 (Θ).
1587 4465 1738 4526 Aco'urate

399 4565 478 4625 enim
506 4583 633 4643 usquam
660 4566 828 4628 litterum
853 4561 966 4646 figures
992 4563 1026 4626 in
1053 4565 1113 4626 hoc
1138 4568 1314 4646 apographo
1335 4564 1463 4628 traditu
1483 4585 1552 4627 esse
1571 4567 1661 4628 vulbe
1683 4566 1738 4626 dn·

398 4666 477 4741 bito,
499 4665 527 4726 si
546 4665 667 4746 quidem
688 4677 723 4730 ut
742 4686 834 4729 unum
855 4667 1007 4746 proferans
1027 4666 1147 4730 litterae
1170 4673 1194 4727 ui
1214 4668 1247 4728 in
1268 4666 1406 4730 omnihus
1427 4661 1489 4729 illis
1510 4668 1584 4730 eatis
1600 4667 1738 4730 diversae

399 4768 508 4828 aetatis
535 4769 631 4830 titulis
658 4771 757 4849 ligure
782 4769 885 4832 eadem
907 4769 1046 4850 pingitur
1072 4769 1110 4830 ad
1137 4777 1170 4830 ut
1197 4771 1335 4848 proxime
1364 4769 1520 4831 accedens.
1566 4770 1617 4832 De
1641 4769 1738 4832 torma

400 4869 527 4948 denique
542 4871 673 4950 genetivi
687 4863 805 4951 θεοφάν
807 4882 851 4942 ου’,
872 4886 950 4960 quae
971 4871 1147 4934 medicorum
1168 4871 1305 4996 rmtigiis
1321 4840 1553 4946 commendatur,
1575 4871 1613 4934 ci.
1628 4872 1738 4934 Weck-

397 4973 458 5033 lein
480 4970 579 5039 Curae
595 4975 696 5054 epigr.
717 4995 747 5054 p.
764 4974 814 5036 23.

481 5073 638 5136 Habemus
664 5073 757 5152 igitur
783 5077 824 5136 M
852 5051 1030 5156 Pompeium
1056 5077 1226 5138 Macrinum
1248 5077 1463 5162 Theophanem
1489 5020 1622 5172 patrem,
1647 5076 1738 5138 Pom·

398 5177 498 5254 peism
519 5177 754 5258 Agrippiuillsm
776 5179 870 5240 liliam
893 5179 1077 5260 eandemque
1099 5197 1227 5241 uxorem
1244 5180 1285 5241 Μ.
1303 5178 1395 5246 Gabii
1416 5179 1456 5258 (s.
1473 5166 1579 5257 Gavii)
1603 5221 1739 5240 .......
