3848 5850
619 555 698 610 nex
715 551 798 609 oon.
819 554 1053 610 oeunrrvan.
1445 538 1514 611 141

159 741 278 796 ratores
303 731 486 808 respiairmt,
513 749 613 808 neque
635 735 762 808 apparet
782 729 894 790 iudicas
914 727 960 788 illi
981 747 1043 806 quo
1062 729 1251 808 pertineant,
1278 739 1394 791 utnon
1414 731 1519 809 inepte

159 837 211 896 hio
232 851 356 914 quoqne
377 831 414 894 de
434 832 670 911 interpolatione
691 831 819 909 eogitari
840 831 953 910 poesitr
976 839 1058 892 oerte
1075 831 1367 909 qnodexpeotamus
1382 835 1516 895 horeste

160 940 250 1019 quasi
270 939 299 997 si
320 939 523 1016 reciperatores
546 939 576 992 ia
598 953 661 995 ears
681 953 741 995 ram
763 935 905 995 clotiaco
926 943 1026 994 mest.
1061 933 1110 994 Ad
1131 933 1176 993 rei
1191 935 1328 1011 privatae
1342 934 1457 995 iudicia
1471 955 1518 997 rs-

161 1037 355 1120 oopsrstoria
376 1037 537 1116 quominus
555 1037 628 1098 item
644 1037 799 1098 trahamus
814 1053 895 1113 qnae
916 1055 942 1096 o.
957 1032 1047 1096 XCV
1059 1035 1212 1115 leguntur,
1235 1037 1338 1098 obstat
1352 1055 1422 1098 oum
1435 1037 1518 1116 qnod

161 1142 206 1202 ibi
231 1141 284 1202 ulti
310 1141 410 1220 agitur
431 1139 469 1199 de
495 1139 677 1219 magistratu
699 1147 819 1216 potente
841 1139 1016 1202 excusando
1039 1139 1169 1198 adioitnr
1190 1157 1263 1198 eum
1282 1157 1316 1198 sa
1336 1156 1368 1198 re
1391 1141 1519 1201 reamur

161 1253 279 1322 potere,
298 1250 367 1303 tum
383 1241 518 1303 maxime
545 1233 634 1318 (nam
649 1240 709 1302 hoo
730 1241 936 1302 additamento
959 1239 1147 1319 significatur
1168 1241 1294 1318 quidem
1311 1241 1461 1302 indioiom
1480 1243 1518 1304 de

159 1367 195 1408 re
215 1343 339 1426 publiea
360 1351 546 1422 suseeptom,
568 1343 626 1404 sod
640 1360 706 1402 non
726 1341 896 1403 excluditur
919 1343 1132 1422 magistratum
1155 1343 1346 1421 privetnmve
1368 1342 1463 1406 etism
1480 1345 1517 1404 de

163 1467 220 1508 saa
240 1468 273 1508 re
296 1446 436 1508 similiter
453 1447 542 1507 litem
562 1445 731 1506 oontestari
751 1445 903 1525 potuisse)
927 1447 1052 1506 testium
1069 1447 1164 1518 ratio,
1187 1463 1284 1522 quam
1302 1445 1383 1506 iratra
1402 1445 1518 1509 ridebi-

159 1567 231 1613 mns
259 1569 279 1609 a
303 1549 430 1627 privatis
456 1549 580 1610 iudiciis
607 1548 743 1608 alienum
760 1565 839 1610 essa.
883 1547 1025 1622 Denique
1044 1567 1107 1608 non
1130 1547 1196 1612 sine
1218 1565 1311 1606 eausa
1331 1549 1402 1608 hnio
1425 1547 1518 1626 rapiti

161 1653 357 1732 subiungitur
379 1647 498 1720 xcvi,
519 1669 580 1728 qao
602 1649 710 1712 dnovir
729 1649 860 1728 iubetur,
889 1650 916 1709 st
938 1649 984 1708 oui
1007 1647 1162 1710 decurioni
1184 1649 1221 1708 do
1244 1647 1373 1725 pecunia
1393 1649 1519 1729 publica

160 1755 307 1815 multisve
328 1753 474 1832 poenisve
498 1753 609 1812 locove
634 1751 756 1832 publico
777 1753 916 1828 quaestio
938 1751 1121 1813 iudicinmve
1140 1751 1361 1812 instituendum
1383 1769 1453 1813 esee
1471 1753 1518 1811 vi·

159 1857 278 1931 dentur,
303 1857 341 1916 de
368 1875 406 1920 ea
430 1875 465 1916 re
490 1854 590 1933 primo
617 1873 737 1932 quoquo
760 1853 810 1913 die
831 1854 873 1913 ati
892 1854 1072 1915 decuriones
1094 1853 1215 1914 referre.
1236 1885 1275 1898 -
1306 1853 1516 1932 Magistratus,

162 1960 246 2038 apud
271 1977 361 2036 quern
386 1957 432 2018 ita
458 1959 571 2036 ιςίῑιιτ,
597 1957 706 2018 duorir
731 1967 780 2018 est
800 1956 1011 2031 praefectnsre
1032 1955 1184 2029 ooloniae,
1211 1965 1314 2016 otest
1336 1965 1365 2016 et
1387 1955 1518 2018 excv

163 2061 248 2134 1‚³3
271 2071 302 2120 et
322 2061 354 2118 in
375 2059 453 2118 loeis
476 2077 569 2138 supra
592 2060 755 2137 propositio
775 2057 978 2136 interpolatis,
1000 2059 1060 2119 uisi
1081 2059 1164 2135 quod
1186 2060 1215 2118 in
1237 2076 1295 2117 uno
1311 2077 1416 2119 sorum
1430 2060 1460 2131 7,
1476 2059 1517 2120 50

164 2163 282 2226 secedit
306 2162 449 2222 interrex.
494 2159 640 2223 Similiter
661 2160 697 2221 in
714 2161 782 2239 lege
806 2160 949 2222 Caesaris
972 2161 1093 2238 agraria
1113 2161 1179 2221 sive
1201 2159 1337 2221 Mamilia
1358 2180 1383 2220 c.
1399 2159 1457 2220 LV
1479 2160 1518 2222 de

160 2265 273 2328 tueleta
295 2264 467 2326 sestertium
484 2261 513 2320 V
527 2263 646 2325 milium
665 2263 697 2321 in
718 2262 871 2338 publicum
894 2263 1032 2324 coloniae
1054 2263 1249 2340 municipiive
1272 2275 1396 2340 propter
1414 2266 1516 2328 arni·

158 2389 232 2429 num
256 2368 386 2427 eiectam
410 2365 638 2425 inserendorum
663 2374 785 2424 cautum
812 2371 861 2423 est
886 2365 942 2424 sio.
972 2367 1007 2424 ‹la
1028 2383 1063 2423 ca
1084 2383 1117 2424 re
1138 2367 1282 2426 curatoris
1304 2369 1355 2442 φη·
1376 2365 1517 2444 ἡασὶιῃο

161 2475 216 2530 erit
241 2468 479 2545 (intellegtmtur
501 2467 609 2527 lllviri
629 2465 767 2528 coloniae
790 2466 982 2526 deducendae
1004 2467 1180 2544 simrlenqu'e
1202 2467 1414 2544 magistratus)
1442 2472 1516 2529 ioris

160 2574 247 2632 dictio
266 2573 552 2648 reeprrorommqar
571 2571 653 2631 datio
675 2569 802 2629 addictio
825 2577 892 2628 csta.
927 2587 991 2628 com
1011 2579 1131 2628 carator
1151 2569 1206 2628 tac
1222 2569 1283 2647 [ιρι
1296 2589 1354 2630 aaa
1369 2572 1433 2638 erit,
1458 2581 1514 2630 tam

159 2677 332 2753 quaeroque
357 2676 546 2749 mapistrotus
574 2674 604 2730 or
631 2690 666 2731 oo
691 2673 805 2731 colonia
833 2667 990 2747 muaidpio
1018 2675 1205 2748 praefectura
1225 2674 1295 2747 soro
1324 2672 1514 2732 conciliabulo
1561 2697 1566 2709 ·

159 2780 225 2833 r'arrs
250 2776 375 2834 orando
397 2777 543 2852 prosam,
572 2775 632 2834 sios
659 2777 848 2850 reparatas
875 2773 912 2834 ds
937 2789 972 2831 ra
994 2789 1024 2832 rs
1047 2772 1229 2833 iurisdictio
1252 2774 1413 2850 iudicioque
1435 2775 1515 2833 datio

160 2878 290 2938 addictio
312 2885 381 2936 esto.
425 2875 562 2936 Iudioem
588 2873 671 2952 quod
693 2873 765 2933 dare
786 2873 907 2934 iubetur
928 2874 1140 2952 magistratus,
1168 2894 1206 2934 eo
1229 2891 1290 2934 non
1312 2875 1516 2936 exeluduntur

99 3051 107 3066 p
160 2988 407 3056 recuperatores,
439 2979 494 3036 sed
526 2977 665 3056 generali
691 2975 841 3037 vocabolo
868 2975 919 3038 lex
945 2974 1006 3036 hoo
1030 2971 1102 3038 looo
1129 2977 1227 3036 utitur
1256 2975 1361 3056 logum
1389 2977 1425 3036 de
1453 2979 1514 3039 sin·

162 3081 244 3162 gulis
271 3079 401 3142 ooloniie
424 3087 531 3156 postea
552 3077 720 3138 dandarum
746 3075 925 3139 iudioiorum
951 3077 1161 3140 ordinationes
1187 3097 1293 3140 oamas
1318 3077 1408 3140 simul
1433 3099 1515 3140 oom-

163 3185 308 3266 pleotene.
332 3213 371 3226 -
400 3181 641 3258 Reouperstores
668 3180 711 3240 ita
737 3179 862 3252 dantur,
883 3189 924 3240 ot
944 3189 1027 3241 oerto
1049 3179 1098 3240 dio
1120 3179 1254 3240 iudicare
1274 3180 1449 3252 iubeantur,
1478 3197 1515 3240 ao

163 3286 211 3343 oie
233 3284 261 3344 si
282 3302 348 3344 non
365 3279 538 3356 iudicarint,
560 3283 612 3359 qai
635 3281 719 3342 dsdit
740 3281 834 3342 aliam
857 3281 998 3343 diemiis
1021 3281 1190 3363 praefiniet,
1213 3289 1277 3342 tota
1302 3293 1403 3342 tamen
1424 3301 1516 3344 eausa

162 3386 285 3448 omnino
310 3385 394 3447 intra
413 3385 591 3446 vicesimum
617 3385 696 3444 diem
724 3384 909 3454 terminetur.
956 3383 1043 3459 Quae
1069 3403 1151 3444 nora
1177 3393 1248 3443 sunt
1273 3387 1388 3444 omnia:
1416 3384 1517 3448 adhue

161 3489 242 3551 enim
262 3490 323 3548 hoa
344 3493 459 3547 tantam
482 3485 642 3547 oonetabat
661 3487 810 3547 indicium
825 3487 976 3565 privatum
991 3506 1047 3564 per
1061 3495 1289 3564 reeuperatores
1304 3487 1433 3552 oelorios
1448 3507 1515 3568 per-

162 3593 275 3653 lectum
297 3608 367 3650 esse
387 3608 479 3667 quam
503 3609 556 3666 per
577 3609 669 3648 unum
690 3588 822 3650 indicem
834 3587 873 3672 ¹).
917 3585 1180 3666 Recuperstorom
1199 3590 1319 3651 sortitio
1340 3597 1371 3650 et
1392 3590 1516 3653 reiectio

161 3707 437 3755 commemorantur
460 3689 488 3765 2,
505 3689 556 3760 rt,
579 3690 751 3752 accuratius
775 3701 874 3751 autern
898 3710 958 3751 non
981 3691 1174 3752 deliniuntur.
1193 3723 1232 3737 -
1254 3692 1329 3770 Ipsa
1350 3694 1430 3751 sotio
1450 3692 1516 3754 sico

160 3798 291 3874 qaaeatlo
318 3793 403 3870 (nam
430 3793 599 3872 quaerendi
618 3789 767 3854 vocabulo
792 3792 842 3854 lex
872 3793 909 3854 de
936 3811 972 3854 oo
1000 3792 1112 3853 iudioio
1139 3793 1234 3854 utitur
1255 3791 1289 3865 2,
1306 3787 1335 3853 6.
1353 3793 1405 3854 36.
1429 3793 1464 3865 3,
1480 3793 1514 3872 6)

158 3895 320 3977 popularis
347 3903 409 3966 est3
435 3895 513 3973 petit
539 3895 635 3968 enim,
664 3902 697 3954 at
722 3901 868 3974 perpetuo
898 3897 929 3952 in
956 3895 1061 3955 multis
1082 3895 1224 3968 adicitur,
1253 3899 1304 3974 qai
1324 3896 1408 3956 votet.
1453 3891 1516 3960 Sed

159 3999 212 4059 lex
238 3998 270 4058 in
297 3997 460 4058 ordinandi
485 3997 596 4058 ludiaio
624 3995 799 4077 distinguit,
825 4002 852 4057 rt
877 3997 980 4057 daootr
998 4001 1164 4075 praefectos
1182 4007 1261 4074 petet
1279 4007 1312 4058 et
1333 4002 1360 4057 st
1376 4001 1515 4074 prauae

159 4109 248 4176 petat3
275 4117 404 4176 quorum
432 4098 507 4159 ilhtd
534 4100 712 4179 plerumque
740 4099 854 4159 seeum
881 4117 950 4159 esee
976 4099 1135 4177 probabile
1162 4108 1212 4160 eet
1237 4109 1268 4160 et
1293 4109 1418 4178 propter
1443 4118 1514 4164 can·

160 4220 228 4263 eam
249 4201 400 4262 multandi
428 4199 514 4278 (narn
541 4202 642 4280 agitur
672 4201 772 4262 ubivis
794 4203 831 4261 de
854 4201 963 4264 delicto
985 4201 1106 4279 publico
1128 4219 1286 4280 poenaque
1306 4201 1340 4261 in
1362 4203 1515 4280 publioum

160 4303 339 4386 redigenda)
367 4311 398 4363 et
417 4309 594 4382 propterea,
621 4303 703 4380 qnod
725 4303 799 4363 olim
820 4303 901 4381 apud
920 4300 1078 4363 Romanos
1100 4303 1175 4364 solis
1196 4303 1426 4384 magisuauous
1449 4305 1515 4367 eiua

159 4407 280 4484 generis
309 4423 480 4486 poenarum
511 4405 710 4482 petendarum
737 4405 785 4464 ius
811 4403 907 4466 fuisse
937 4403 1112 4483 ridetur²);
1147 4405 1277 4483 deniqne
1304 4406 1388 4483 qood
1418 4409 1450 4476 1,
1473 4408 1520 4468 34*

159 4508 242 4568 IIvir
268 4506 481 4584 praetortosra
509 4516 540 4566 et
567 4517 796 4586 recuperatores
827 4517 857 4567 et
883 4527 952 4568 eum
979 4507 1067 4570 ouius
1095 4525 1145 4568 tes
1173 4509 1275 4585 agitur
1302 4508 1411 4568 adesse
1433 4507 1515 4568 iubet

160 4618 264 4671 satore
288 4611 420 4681 omisso,
447 4609 537 4670 iaoile
559 4607 744 4686 explicetur,
772 4611 798 4673 si
821 4611 943 4690 quidem
964 4611 1031 4688 ipse
1053 4611 1251 4690 magistratus
1274 4620 1391 4674 actores
1412 4617 1514 4690 partes

236 4934 262 4996 ι)
291 4935 595 5002 Ciasroproi'ull.102
614 4939 803 5008 reciperatores
820 4936 894 5000 dare,
914 4945 942 4989 at
960 4953 1034 5006 prora
1049 4939 1160 5006 protacta
1173 4935 1394 4992 rasiads'carstar.
1422 4936 1513 4994 nlvtn

155 5027 188 5081 in
200 5026 299 5080 Casoll
316 5030 359 5091 l't,
373 5028 419 5080 ea.
446 5025 549 5081 Plinius
568 5045 609 5098 ep.
624 5033 651 5098 3,
667 5031 711 5095 to,
725 5033 752 5084 9.
779 5031 837 5084 Llr.
852 5033 897 5090 to.
911 5029 962 5096 48.
986 5031 1045 5085 ool.
1060 5033 1087 5098 4,
1104 5031 1166 5082 lio.
1197 5031 1230 5082 In
1244 5031 1305 5096 laga
1318 5031 1423 5099 agraria
1440 5045 1466 5082 r.
1478 5031 1513 5083 37

157 5120 327 5187 mmor·
346 5119 450 5172 decimo
469 5119 512 5172 dls
530 5131 728 5191 recuperatores
746 5125 810 5176 dare
824 5123 937 5188 iubetur,
956 5129 1096 5191 postquam
1108 5123 1144 5175 ad
1156 5137 1217 5176 sam
1229 5123 1258 5174 in
1269 5123 1310 5176 ius
1324 5123 1426 5176 aditum
1437 5123 1496 5176 crit.

234 5227 261 5292 ¹)
288 5227 451 5284 amar
465 5233 491 5299 r,
506 5233 569 5285 ιιι.
