3794 5850
634 581 793 644 ovensi.
813 581 1031 636 nrouenon.
1052 585 1076 635 1.
1470 561 1518 635 nt

191 777 282 834 quem
304 757 457 818 oiritntem
472 756 641 816 mmmm
661 755 762 834 adepti
783 767 869 816 erunt
889 757 978 816 etiem
998 756 1151 817 nominum
1166 757 1281 818 rutione
1295 756 1440 816 Romanis
1456 775 1525 816 eeee

190 860 428 938 eequlpererent.
472 857 620 918 Similiter
641 857 833 919 iudicandum
854 857 892 920 de
913 858 1024 920 Tneeie
1046 859 1076 918 in
1099 878 1175 920 orno
1196 878 1269 920 enno
1288 861 1338 918 ino
1359 863 1444 931 inem
1468 859 1524 918 eei·

190 961 262 1022 licet
276 960 369 1022 'l’neoi
390 961 528 1022 bominee
551 960 657 1038 petriie
679 959 859 1034 nominibus,
880 960 980 1021 forme
1000 980 1103 1020 eornm
1126 970 1179 1020 unt
1198 961 1371 1022 nullatenus
1386 969 1438 1020 eut
1452 961 1524 1020 leri·

190 1071 238 1123 ter
252 1063 421 1138 immutate,
443 1081 499 1140 pro
514 1061 676 1140 gentiliciie
691 1061 837 1122 Romenie
854 1063 896 1122 uti
911 1073 1157 1141 perueneremntr
1180 1064 1218 1123 eb
1233 1061 1411 1141 oppidorum
1427 1073 1525 1123 eutem

190 1165 363 1226 nominibus
383 1164 437 1224 ille
457 1163 577 1242 quidem
599 1182 660 1224 non
680 1163 819 1224 videntur·
839 1164 984 1242 originem
1005 1164 1141 1226 duxisse
1185 1164 1234 1226 De
1256 1164 1386 1226 Gellioie
1407 1163 1525 1224 Atrico-

192 1267 240 1328 nie
256 1266 414 1329 Lusitanis
436 1285 542 1346 perum
563 1273 698 1338 conetut;
720 1265 773 1326 eed
794 1275 925 1346 puerunt
946 1267 1001 1326 ille
1022 1277 1149 1344 utreque
1169 1265 1286 1328 notione
1308 1277 1361 1326 eut
1380 1267 1419 1326 eb
1440 1267 1525 1344 oppi-

192 1369 241 1430 die
262 1377 316 1428 eut
335 1368 374 1428 ιδ
395 1368 567 1428 hominibus
589 1361 756 1448 peregrinio
779 1368 924 1446 originem
947 1368 1080 1428 duxieee.
1125 1366 1215 1442 Quod
1237 1389 1257 1428 e
1277 1367 1388 1429 Tuecie
1404 1365 1526 1428 Umbrio

192 1468 316 1532 Sebinie
342 1479 477 1548 tempore
499 1479 617 1530 vetusto
644 1471 755 1530 lectum
781 1487 850 1530 eene
876 1469 1030 1548 probabile
1057 1480 1117 1541 eet,
1144 1471 1176 1530 id
1201 1479 1336 1550 tempore
1362 1470 1527 1530 recentiore

192 1575 352 1653 repetitum
378 1590 447 1632 eene
472 1573 644 1650 frequenter
669 1572 708 1632 eb
729 1571 901 1632 nominibue
924 1571 1091 1652 peregrinio
1113 1572 1239 1632 militnm
1261 1572 1453 1650 potieeimnm
1475 1592 1526 1632 no-

195 1678 276 1737 mine
296 1675 421 1747 docentr
444 1675 556 1736 militen
577 1673 656 1736 enirn
678 1673 811 1736 cuinerie
832 1671 895 1734 iere
915 1674 1033 1752 generis
1048 1675 1171 1734 nomine
1184 1674 1315 1734 borbore
1328 1674 1359 1734 in
1374 1674 1528 1754 gentilicio

193 1779 332 1839 Rom·
352 1787 526 1838 convertere
547 1777 696 1838 nolebant.

277 1877 340 1942 Sed
365 1887 485 1958 proeter
509 1879 663 1940 nominum
689 1895 800 1957 genere
825 1875 895 1951 ille,
920 1895 999 1956 qnae
1023 1879 1121 1957 primo
1148 1878 1250 1940 stetim
1276 1878 1420 1956 ndepeetu
1444 1897 1528 1957 pere·

195 1985 297 2061 grinee
324 1981 451 2060 originie
477 1999 546 2042 eree
572 1980 835 2058 deprehendimur,
862 1979 1072 2041 elieeextent
1091 1979 1318 2058 gentiliciornm
1332 1977 1446 2042 cleeeee
1467 2001 1528 2041 non

194 2086 225 2148 in
252 2088 298 2146 tur
326 2085 569 2154 terminatorum,
597 2099 674 2158 qore
700 2083 822 2160 proprie
848 2081 987 2144 Romane
1011 2091 1064 2142 ent
1090 2092 1170 2142 uerte
1191 2083 1299 2142 Itelioe
1324 2099 1392 2144 enee
1416 2091 1527 2142 oertnm

195 2197 256 2260 διες
285 2186 401 2247 ecilicet
425 2185 456 2246 in
482 2195 556 2246 nnuc
580 2195 644 2243 tnur
666 2193 736 2244 enne
762 2181 929 2244 terminetur.
974 2187 1076 2264 Atque
1102 2184 1140 2244 do
1166 2185 1220 2257 iis,
1250 2203 1326 2262 quoe
1352 2185 1383 2244 in
1410 2189 1475 2246 inor
1500 2194 1531 2245 et

196 2307 264 2350 enee
283 2289 415 2348 iormnte
436 2295 517 2359 eunt,¹
540 2305 635 2365 peuce
659 2283 840 2362 monebo¹)‚
867 2285 1081 2347 nominavero
1107 2286 1138 2346 in
1159 2303 1233 2346 onue
1259 2286 1428 2348 eocnretine
1454 2295 1530 2347 truc·

198 2392 275 2453 tubo.

280 2493 405 2552 Praeter
432 2492 510 2552 eline
538 2492 655 2568 generie
682 2491 832 2551 adiective
857 2490 995 2568 inprimis
1022 2509 1042 2550 e
1061 2490 1196 2550 locorum
1219 2491 1390 2552 nominibue
1412 2491 1443 2550 in
1464 2503 1530 2556 tntu

197 2596 296 2656 nolent
315 2594 464 2654 ediectine
484 2593 617 2666 formeri,
640 2601 672 2653 nt
686 2591 811 2652 Latinus
826 2592 953 2652 Sabinou
976 2593 1127 2670 multoque
1148 2592 1222 2664 ιδίας
1245 2593 1373 2672 ipeuqne
1394 2594 1530 2654 locorum

199 2700 335 2770 nomine,
362 2705 397 2756 nt
418 2682 563 2777 Lucerum
584 2695 730 2758 Sentinum
756 2695 831 2766 elie,
858 2694 992 2755 eiuedem
1018 2703 1087 2754 eunt
1113 2695 1312 2756 tornationis.
1355 2694 1445 2754 Tulin
1470 2713 1531 2756 non

199 2799 357 2860 udmodnm
382 2816 452 2858 rero
477 2797 509 2857 in
534 2793 750 2876 gentiliciorom
781 2815 868 2858 uenm
890 2814 1036 2858 converse
1056 2814 1124 2856 eree
1147 2794 1258 2873 (veluti
1280 2793 1471 2874 Pomptinue)
1492 2798 1531 2858 eb

202 2921 273 2976 uno,
297 2901 356 2960 nini
377 2900 478 2974 tollor,
500 2898 540 2960 G.
561 2899 600 2960 F.
624 2897 869 2960 Grotelendio
891 2899 922 2958 in
944 2907 1119 2960 uenenureu
1141 2897 1304 2974 aliquundo
1325 2899 1449 2973 dictum,
1471 2915 1531 2960 non

200 3004 274 3064 rotie
296 3013 436 3062 accurate
457 3003 639 3078 explicatum
662 3000 758 3078 ceti).

281 3105 447 3167 Difficilius
475 3103 667 3164 indicendum
696 3103 732 3162 de
759 3103 931 3163 nominibue
957 3103 990 3162 in
1016 3111 1101 3176 enne,
1127 3121 1204 3180 quoe
1229 3103 1281 3164 diu
1307 3112 1355 3163 eet
1374 3103 1455 3180 quod
1475 3121 1532 3183 pro

200 3207 428 3286 cognominibus
448 3207 551 3266 heberi
573 3205 673 3266 nolent
693 3206 794 3266 omnin
815 3226 834 3266 n
856 3206 929 3264 virio
952 3205 1063 3276 doetie3
1086 3204 1178 3264 veluti
1200 3203 1323 3281 Alfenus
1337 3205 1532 3266 Horetieune.

200 3309 327 3388 Proprie
346 3307 488 3372 Latinum
510 3327 577 3369 eeee
599 3319 634 3368 tn
654 3309 813 3378 euidxnm,
842 3325 1012 3385 quenquam
1034 3323 1094 3368 non
1116 3307 1277 3367 edmodum
1299 3307 1455 3384 frequens,
1479 3307 1532 3366 do·

201 3420 268 3472 cent
291 3421 394 3472 muna
420 3412 532 3471 lebena
558 3411 667 3470 borenc
693 3411 814 3470 uerbena
835 3409 979 3470 cantilena
1001 3411 1116 3470 tanim
1137 3418 1271 3470 ominum
1292 3417 1532 3486 operimentum

202 3513 465 3574 utienurtmennr
491 3522 522 3574 et
548 3513 669 3572 rimilin.
712 3505 811 3572 Simili
836 3513 953 3572 retione
980 3530 999 3571 ι
1024 3511 1138 3582 redico,
1167 3529 1244 3590 quoe
1271 3521 1318 3570 eet
1345 3509 1405 3586 Ais
1428 3510 1477 3588 (ot
1501 3512 1533 3570 in

202 3615 330 3694 enm),
359 3615 498 3692 Alsenue,
524 3635 544 3676 u
571 3616 673 3674 Pontio
699 3613 870 3688 Pontienue,
898 3633 918 3672 u
943 3611 1044 3674 Satrio
1067 3611 1221 3674 Satrienue
1248 3623 1328 3674 reete
1349 3613 1532 3673 derivantur.

203 3717 388 3780 Alocorum
409 3717 582 3778 nominibue
605 3725 707 3794 aperte
729 3737 766 3778 ee
787 3733 847 3776 non
868 3725 939 3776 eu'nt
959 3715 1108 3789 derivetur
1130 3723 1229 3776 temen
1250 3714 1326 3774 hece
1346 3733 1465 3794 quoque
1479 3733 1533 3777 uo-

278 4067 303 4132 ¹)
330 4069 400 4120 lllnd
423 4077 521 4120 tentum
546 4083 640 4120 moneo
665 4069 800 4120 oecreione
825 4069 900 4128 dote,
928 4069 1038 4118 emicem
1062 4067 1211 4118 Mamurrae
1237 4067 1381 4118 decoctoris
1400 4067 1534 4119 Formiani

207 4161 376 4212 Cetnllienern
395 4159 433 4224 (c.
448 4163 481 4211 41
502 4169 529 4210 et
545 4161 598 4222 44)
622 4161 678 4211 eine
700 4161 802 4226 generie
825 4177 920 4211 nomen
939 4160 1073 4220 bubnieee,
1098 4173 1150 4210 non
1172 4175 1324 4225 cognomen.
1361 4159 1428 4211 Nem
1450 4159 1479 4210 ln
1503 4160 1535 4210 iie

208 4268 274 4319 qnee
293 4253 429 4304 truduntur
447 4253 539 4302 litterie
559 4251 633 4302 Arre
644 4269 662 4301 a
675 4269 709 4302 nn
725 4260 796 4303 certo
815 4268 867 4303 non
881 4253 1015 4302 Ammiano
1032 4261 1077 4302 eut
1089 4251 1210 4302 Anniano
1222 4252 1303 4302 lutenr
1315 4253 1469 4316 cognomine
1481 4252 1534 4302 rul-

203 4347 276 4410 μή·
298 4353 326 4396 et
344 4358 378 4396 ne
396 4345 459 4395 retis
477 4345 585 4410 entique
604 4345 722 4410 quidem3
742 4359 809 4410 quoe
828 4346 978 4410 placuerunt
994 4345 1130 4396 Frbbnero
1149 4351 1175 4394 et
1194 4343 1343 4396 Subnebio.
1381 4343 1447 4396 Sunt
1465 4343 1533 4396 enirn

204 4437 266 4488 telle
283 4437 440 4488 teminorum
460 4437 566 4488 nomine
583 4437 681 4488 liberae
700 4439 737 4488 rei
756 4437 874 4502 publicre
895 4445 1010 4502 tempore
1029 4451 1111 4502 paene
1129 4436 1259 4498 incudm
1285 4436 1378 4486 deinde
1400 4436 1536 4501 dupliciter

203 4539 333 4594 meatum
353 4537 421 4580 erret
439 4535 465 4578 rt
482 4529 660 4594 geminatione
681 4531 792 4591 ominen,
812 4544 877 4594 quoe
897 4536 957 4580 onte
978 4529 1108 4580 crinitum
1126 4527 1210 4578 omitti
1229 4528 1335 4580 omnino
1355 4527 1442 4590 dcciii,
1463 4527 1535 4576 etin

204 4636 281 4687 epto
299 4621 312 4670 ι’
328 4621 423 4673 rnrtlce
442 4623 534 4688 ponite.
567 4622 621 4675 Sed
640 4622 709 4688 quod
726 4622 854 4687 lienptiue
872 4621 975 4686 ecriprit
994 4619 1111 4670 Arretino
1129 4620 1248 4686 proxime
1267 4619 1367 4672 cecedit
1385 4619 1419 4670 ed
1437 4619 1536 4670 litteren

204 4713 311 4764 tndltu
334 4720 360 4763 et
383 4713 580 4764 commendetur
603 4714 751 4765 nominibue
775 4714 964 4779 geographioie.
1002 4711 1102 4763 Plinine
1126 4711 1196 4762 enlm
1214 4711 1351 4762 Amitinum
1369 4711 1438 4762 Lutil
1461 4711 1536 4778 oppl-

204 4803 263 4855 dnm
283 4803 318 4868 (³
338 4802 413 4867 968)
432 4811 459 4854 et
477 4805 577 4856 Tneeoe
594 4805 762 4856 Amitinenree
781 4803 806 4868 (ξ
819 4803 864 4868 bt)
883 4800 1014 4866 nominem
1040 4803 1151 4854 Arretini
1169 4802 1270 4866 (latinl
1289 4803 1362 4868 puto)
1382 4803 1491 4853 redeunt
1506 4803 1536 4854 lu

205 4897 292 4958 druto,
317 4911 395 4962 qoem
406 4911 450 4947 ex
469 4897 578 4948 Merinii
597 4895 699 4953 schediu
720 4896 811 4948 hebuit
828 4897 1028 4948 Kellermennoe
1046 4897 1106 4961 Vig.
1125 4911 1151 4961 p.
1165 4896 1201 4946 44
1221 4895 1299 4956 (inde
1317 4896 1424 4947 llenzen
1443 4893 1536 4958 5136).

204 4989 322 5040 indidem
344 4988 455 5040 inme
479 4989 625 5040 derintnnn
650 4996 690 5040 eet
708 4989 907 5042 Volumnlomm
927 5002 1071 5054 cognomen
1090 4986 1247 5050 Anintinur,
1273 4987 1342 5053 qnod
1360 4987 1388 5038 ln
1407 4987 1480 5038 tutin
1497 4993 1536 5037 ert

205 5079 239 5142 (u.
252 5081 331 5144 eet»
349 5080 461 5132 romu·
479 5095 533 5132 non
551 5087 620 5132 rente
638 5081 677 5132 ite
694 5081 819 5146 rcrlptnm
837 5095 854 5132 ι
872 5081 955 5132 docui
974 5079 1132 5143 bominibus,
1151 5079 1195 5144 qul
1213 5077 1294 5130 lutor
1312 5077 1486 5131 coniecerunt.

278 5169 304 5235 ²)
329 5173 362 5225 ln
381 5173 577 5238 queuuonibu·
594 5173 627 5224 do
645 5173 804 5239 geogrepbie
821 5181 848 5224 et
866 5173 976 5224 historie
994 5173 1088 5224 veterio
1106 5171 1199 5223 Itullee
1217 5170 1339 5222 tucicv
1359 5171 1430 5224 1842
1449 5184 1476 5236 p.
1488 5172 1534 5235 di,

205 5265 248 5330 qui
266 5263 352 5316 libelli
371 5265 452 5316 multe
471 5265 581 5316 conluee
597 5265 642 5316 red
661 5266 740 5318 edum
759 5280 812 5317 non
831 5279 913 5332 peuce
932 5273 1000 5316 recte
1019 5264 1051 5318 de
1070 5265 1111 5316 hir
1126 5262 1204 5334 rebor
1221 5263 1356 5316 obunco
1374 5263 1515 5318 continent.
