3850 5852
501 603 556 658 sc.
578 605 628 656 ou
645 603 831 659 evannum
850 601 992 658 ssnnvs
1008 593 1232 656 nuuvausrs.
1455 567 1529 655 mi

191 784 324 844 mercitui
348 797 400 840 suo
418 777 584 858 postularet
603 788 656 838 out
677 779 781 841 bellum
800 777 1003 856 ineeplicalils
1022 780 1210 838 minitorensr.
1253 776 1323 837 Non
1342 777 1420 840 alios
1441 781 1534 856 napis

191 901 247 942 sua
263 882 422 960 populique
442 883 570 942 Romani
590 881 759 942 contumelia
780 881 938 942 indoluisse
962 879 1118 940 Caesarem
1134 881 1247 956 serunt,
1279 897 1365 956 pesam
1386 883 1467 958 quod
1486 881 1534 939 de-

191 995 284 1048 sertor
306 995 334 1044 et
348 986 463 1062 praem
485 987 608 1046 bornum
628 1003 706 1045 more
727 995 832 1062 speret
876 983 923 1043 Ne
943 982 1091 1060 Spartaco
1113 983 1225 1061 quiricus
1249 992 1320 1061 poet
1338 991 1381 1042 tot
1400 982 1534 1043 consula·

190 1092 267 1147 rium
288 1092 459 1148 mmcimum
480 1089 577 1148 clades
598 1089 722 1147 inultam
743 1088 865 1150 Italicm
885 1091 987 1158 armti,
1017 1102 1192 1164 quamquam
1215 1082 1341 1145 Sertorii
1365 1095 1451 1162 atque
1473 1085 1534 1144 Mi-

194 1191 331 1250 tbridotis
345 1192 505 1268 inpmtibus
527 1191 609 1250 bellis
633 1191 751 1252 laboret.
764 1207 810 1248 rec
828 1189 960 1266 publica,
982 1189 1090 1260 domm,
1112 1198 1145 1247 ut
1162 1196 1248 1263 pacto
1269 1189 1300 1246 in
1315 1188 1403 1264 fidem
1423 1191 1533 1266 accipe·

195 1302 290 1354 retur:
309 1291 411 1352 nerium
432 1293 624 1369 pulcherrimo
644 1293 747 1369 populi
760 1291 887 1352 lionam
900 1294 1024 1368 sastipio
1039 1291 1115 1350 latro
1133 1290 1307 1367 leporinae
1324 1307 1401 1368 poce
1422 1299 1449 1350 et
1469 1307 1533 1349 oon·

193 1399 320 1456 cessione
341 1413 480 1472 aprorum
500 1397 695 1454 redimeretur.
738 1395 805 1454 Dat
824 1396 968 1470 nepotium
989 1393 1110 1466 Blaeso,
1132 1403 1236 1454 eeteros
1260 1393 1375 1468 quidun
1395 1393 1438 1452 osi
1458 1409 1535 1469 mem

190 1499 346 1576 proliceret
366 1516 450 1558 orma
471 1501 533 1557 sine
553 1515 630 1556 noea
649 1499 787 1574 ponendi,
807 1501 902 1573 ipsius
925 1505 1018 1555 autem
1038 1497 1121 1555 sluois
1142 1513 1255 1572 quoquc
1276 1496 1360 1554 modo
1378 1503 1534 1571 poteretur.

194 1601 281 1660 ltano
301 1599 395 1660 vero?
438 1599 574 1660 Eaedem
599 1609 718 1676 gentes,
747 1617 825 1676 quae
852 1600 930 1658 ultro
955 1597 1065 1658 bellum
1088 1597 1234 1668 inierunt,
1262 1597 1333 1656 rivo
1354 1604 1440 1658 tanto
1461 1597 1536 1656 duca

194 1720 259 1762 eam
293 1705 332 1762 ob
364 1719 488 1762 carram
521 1703 560 1761 ab
590 1702 680 1761 armis
709 1701 870 1763 discedunt
897 1701 979 1779 quod
1005 1700 1137 1760 Romani
1164 1699 1208 1760 eis
1238 1698 1421 1778 ignoscunt?
1464 1695 1536 1760 Sine

167 1883 170 1888 Δ
194 1805 286 1864 dnbio
308 1805 345 1878 ii,
374 1804 425 1882 qni
451 1823 536 1864 erma
563 1813 742 1882 posuerunt,
765 1823 800 1864 sa
823 1823 901 1881 quoe
923 1810 1127 1880 poposcerent
1147 1803 1302 1862 consecuti
1324 1813 1408 1873 eunt,
1437 1800 1468 1860 id
1490 1811 1537 1861 est

194 1908 379 1968 territorium
406 1908 486 1966 intra
513 1907 699 1984 provinciam
730 1907 779 1966 ubi
807 1907 989 1966 habitarent:
1022 1923 1091 1966 nam
1120 1904 1312 1964 Musulamiis
1340 1903 1451 1964 saltum
1479 1903 1536 1962 Be·

194 2027 339 2088 guentam
361 2009 576 2086 planitiemque
598 2009 802 2069 subiacentem
825 2010 938 2070 tributa
958 2026 1028 2069 esee
1050 2027 1089 2068 ex
1111 2015 1306 2067 monumento
1330 2005 1368 2064 de
1391 2023 1452 2082 quo
1473 2007 1537 2082 agi·

195 2127 263 2171 mas
284 2113 420 2174 discitur.
463 2111 589 2172 Tacitus
621 2131 686 2170 rem
717 2112 761 2171 ita
793 2119 897 2170 narrat
929 2121 962 2172 ut
991 2111 1022 2168 in
1055 2117 1122 2169 acts
1148 2109 1271 2188 publica
1296 2109 1393 2169 relate
1418 2107 1537 2167 videtur

196 2214 292 2274 inisse
313 2232 411 2291 neque
432 2215 600 2286 intellexit,
632 2233 687 2273 cur
709 2213 849 2274 Tiberius
870 2213 975 2273 Blaesi
996 2231 1046 2272 ree
1067 2221 1170 2290 gestas
1196 2209 1428 2288 triumphalibus
1449 2228 1537 2269 orna·
1578 2239 1580 2242 ·

195 2317 305 2376 mentis
331 2336 392 2376 non
417 2317 507 2376 nimis
534 2317 642 2394 dignae
670 2315 866 2376 existimaret.
909 2316 961 2374 Ad
988 2315 1066 2374 hanc
1087 2314 1338 2374 Musulamiorum
1366 2313 1538 2390 partemin

195 2419 382 2498 provinciam
403 2418 648 2497 proconsularem
671 2429 822 2497 receptam
845 2417 964 2478 videtur
990 2419 1139 2495 pertinere
1166 2417 1247 2492 quod
1270 2433 1350 2476 anuo
1373 2415 1414 2475 ll
1435 2433 1538 2475 neme·

196 2531 255 2591 tur,
277 2521 470 2584 Dolabellam
489 2524 639 2598 principes
662 2521 903 2580 Musulamiorum
926 2521 1106 2595 desmtionem
1126 2527 1288 2596 coeptantes
1310 2521 1403 2577 securi
1422 2537 1537 2594 percuss

195 2623 325 2700 circel),
352 2623 460 2682 deinde
480 2624 534 2700 qul
557 2623 637 2698 apud
658 2621 827 2698 Pliniumt)
849 2631 921 2700 post
941 2619 1126 2698 Capsitanos
1147 2629 1420 2681 commemorantur
1434 2619 1539 2680 Musu-

197 2727 266 2786 lami
286 2727 366 2786 inter
387 2729 526 2798 ciuitates„
551 2741 626 2801 quoe
647 2729 731 2785 uiam
751 2717 882 2785 notiones
905 2729 967 2784 iure
988 2726 1048 2784 dici
1065 2734 1196 2799 posesmt,
1226 2723 1355 2799 denique
1373 2723 1539 2799 preelectus

195 2832 288 2906 pentir
310 2826 555 2888 Musulamiorum
575 2827 655 2886 tituli
678 2825 824 2886 Gelamaa
844 2827 956 2904 reperti
968 2825 1013 2904 θ),
1046 2845 1115 2886 oum
1135 2843 1244 2884 manns
1265 2825 1321 2884 illa
1342 2824 1539 2885 Musulamio-

196 2949 262 2989 rum
284 2947 375 3006 quam
398 2929 504 2988 Victor
524 2929 581 2988 snb
602 2929 785 3007 imperatore
807 2927 936 2990 Claudio
945 2929 977 3006 ⁴)
1000 2939 1120 2988 caesam
1142 2935 1254 2998 narrat,
1276 2944 1380 2987 corum
1401 2926 1540 2986 videatur

196 3032 293 3092 inisse
314 3031 419 3108 quiin
440 3031 596 3091 veteribus
619 3031 743 3091 sedibus
764 3041 979 3096 remanserant.
1023 3031 1195 3108 Praefectus
1217 3029 1341 3090 colonis
1362 3029 1384 3088 1
1402 3028 1539 3088 Musula·

197 3139 318 3194 miorum
340 3135 370 3194 in
392 3133 582 3194 Mauretania
604 3134 736 3192 occurrit
757 3135 788 3192 in
812 3134 899 3194 titulo
920 3129 1187 3210 Tubnreiccnsi5).

281 3237 334 3295 Ius
356 3235 558 3296 nundinarum
579 3235 831 3296 instituendarum
854 3237 966 3312 petitur
987 3255 1007 3295 a
1028 3243 1145 3295 senatu.
1188 3235 1239 3294 Its
1260 3233 1341 3312 apud
1366 3231 1539 3310 Plinium⁶)

198 3357 319 3417 quoque
344 3339 391 3398 vir
416 3338 586 3416 praetorius
616 3357 635 3396 a
661 3347 767 3398 senata
797 3339 882 3416 petit,
915 3347 950 3396 nt
970 3337 1029 3398 sibi
1051 3338 1209 3398 instituere
1230 3336 1382 3396 nundinas
1405 3333 1436 3396 in
1458 3335 1540 3414 agris

199 3442 265 3500 suis
286 3461 382 3520 prope
403 3440 550 3500 vicetiam
573 3441 641 3500 sitis
664 3442 865 3519 permittatur,
887 3459 985 3518 neque
1007 3440 1069 3499 alia
1095 3457 1146 3500 res
1168 3459 1188 3500 a
1209 3437 1398 3514 Suetoniol)
1425 3437 1541 3516 signiti-

197 3543 303 3616 catur‚'
318 3543 368 3602 ubi
390 3543 603 3621 imperatorem
619 3541 778 3604 Claudium
799 3544 847 3604 ins
869 3543 1071 3604 nundinarum
1092 3541 1124 3602 in
1145 3543 1267 3620 privata
1287 3540 1412 3617 praedia
1432 3559 1451 3600 e
1471 3557 1541 3599 cun·

198 3647 316 3706 entibus
342 3647 468 3724 petiisse
495 3646 596 3719 relert,
629 3647 673 3704 ita
699 3647 820 3722 quidem
844 3654 879 3705 ut
905 3643 928 3704 ii
955 3645 1133 3704 relationem
1159 3643 1199 3702 ad
1231 3653 1368 3704 senatum
1396 3643 1541 3704 iacerent.

199 3745 315 3807 Contra
340 3749 371 3807 in
398 3749 557 3825 provincia
579 3747 670 3826 Syria
696 3757 727 3812 et
748 3748 908 3807 Pannonia
934 3748 1088 3826 superiore
1115 3747 1155 3805 ab
1180 3747 1361 3822 imperatore
1387 3744 1466 3804 idem
1493 3745 1541 3802 ius

204 3987 404 4000 *ψ

276 4166 302 4230 ¹¹)
331 4167 395 4217 Tae.
416 4167 486 4215 Anu.
507 4167 533 4216 4.
555 4165 599 4216 tt.

276 4256 303 4321 ²)
330 4259 396 4309 Eiet.
416 4265 470 4308 nat.
491 4257 516 4318 5,
536 4259 563 4320 4,
583 4257 627 4308 30.

277 4348 302 4412 ²)
329 4351 426 4401 Renicr
437 4349 499 4400 lice.
513 4351 586 4400 2715
605 4347 633 4399 T.
647 4346 743 4399 Florio
762 4347 791 4399 T.
803 4349 830 4414 s.
845 4345 919 4408 Quir.
933 4347 1025 4400 Macro
1035 4347 1070 4400 ll
1079 4347 1158 4412 oir(a)
1170 4345 1276 4415 sturnini
1289 4353 1413 4417 perpetuo
1428 4345 1543 4398 Ammae-

199 4442 351 4502 olurcusiuas,
370 4440 526 4510 proejiecto)
544 4443 627 4509 pertis
645 4439 863 4505 Musulamiorum,
892 4443 1008 4494 macore·
1023 4441 1149 4509 summes
1165 4437 1333 4510 comparandi
1349 4439 1378 4490 in
1396 4436 1543 4511 aunmo[m]

200 4534 271 4587 urbis
289 4533 366 4602 sacto
385 4551 403 4584 a
421 4533 480 4585 dico
499 4531 590 4586 Nerua
613 4532 736 4596 Troiano,
759 4533 948 4602 proc(urulors)
968 4531 1101 4602 duplustr)
1116 4532 1283 4602 praedicatas
1301 4532 1411 4584 saltuum
1429 4546 1544 4598 ...pa-

198 4628 292 4680 riensis
316 4625 372 4690 [rix
391 4623 578 4696 Hipponensis]
603 4634 627 4677 et
649 4625 674 4676 Τ
672 4625 802 4689 lavemini,
824 4627 992 4695 procuratori
1009 4626 1142 4694 suumn)
1162 4627 1314 4694 prouincias
1339 4623 1455 4676 Siciliae.
1494 4624 1545 4674 llic

199 4721 346 4784 praelectus
365 4721 449 4786 gentis
465 4709 544 4770 ‘nullo
564 4719 690 4769 etiamtum
708 4717 807 4770 corbium
826 4711 901 4770 culta'
920 4719 1117 4786 componendus
1135 4727 1175 4770 eet
1194 4735 1253 4771 cum
1270 4718 1407 4785 praelectis
1425 4716 1542 4784 gentiunt

198 4813 366 4879 Alpinarum,
386 4812 528 4862 eivitatium
548 4813 666 4863 Moesiae
686 4819 712 4862 et
731 4811 880 4862 'l'rsballiae
899 4809 1009 4878 aliisque
1027 4811 1164 4864 similibus.

277 4903 303 4964 ⁴)
330 4905 397 4955 Aur.
416 4899 510 4954 Victor
529 4903 655 4956 Claudius
674 4906 721 4965 st
740 4905 801 4971 epit.
822 4905 877 4968 l‚b.

277 4995 303 5060 ⁸>
334 4997 429 5048 lisnler
446 4995 512 5048 ttae.
534 4995 615 5048 aaut.

278 5087 303 5150 ⁸)
332 5087 414 5154 Epist
436 5089 462 5150 b,
482 5089 509 5140 4.
539 5091 540 5094 ’

278 5175 303 5242 'i
332 5180 456 5233 Claudius
478 5183 522 5232 lle
