3848 5850
643 623 753 674 rssrr
780 621 863 674 sua.
892 619 1020 674 sarm.
1438 595 1507 668 101

163 795 245 857 dolis
267 804 299 855 et
319 795 466 856 formulae
487 795 661 875 diligentia,
688 805 722 856 ut
743 795 778 857 id
800 796 890 856 etiam
913 811 991 854 saxo
1012 795 1194 855 incideretur
1216 799 1415 872 imperatorem
1439 791 1512 854 Cuc-

163 919 259 960 sorera
281 901 312 958 in
333 908 426 958 monte
440 899 548 973 sudate,
570 899 728 977 aequalem
744 917 847 959 eorum
863 905 1032 972 temporum
1049 911 1211 962 auctorem.
1234 898 1264 956 ni
1278 895 1379 970 fallor,
1401 895 1510 974 prodit

165 1001 249 1064 Sane
279 1003 349 1079 ipsa
374 1000 551 1081 fragmenti,
584 1001 624 1061 de
649 1016 710 1080 quo
736 1001 871 1080 ammos,
898 1002 1048 1078 scriptura
1073 999 1207 1058 rationes
1236 1013 1319 1060 meas
1345 999 1511 1060 confirmat

164 1104 226 1164 Est
245 1103 326 1162 enim
347 1103 404 1162 illa
425 1104 613 1182 superiorum
636 1121 732 1180 aeque
754 1121 790 1164 ao
811 1102 1013 1180 posteriorum
1036 1103 1242 1162 columnarum
1265 1099 1433 1176 dissimilis,
1461 1101 1512 1161 rni-

36 1209 37 1214 ’
166 1206 278 1278 entim,
305 1204 438 1277 densior,
462 1223 497 1264 ne
522 1205 693 1266 uberiorem
715 1224 816 1265 rerum
839 1205 944 1281 copiae
964 1205 1094 1280 spatium
1117 1207 1243 1264 deesset.
1287 1203 1426 1264 Ceterum
1449 1185 1514 1263 tota
1569 1210 1572 1218 ’

163 1309 275 1368 horum
300 1309 536 1386 fragmentorum
566 1307 818 1384 palaeographica
845 1307 925 1367 ratio
951 1307 1066 1384 aliquid
1094 1307 1233 1392 perplexi
1260 1305 1364 1378 habet,
1394 1305 1513 1382 dequo

163 1409 285 1470 nonnisi
309 1409 476 1488 propositis
499 1409 605 1470 formis
627 1409 666 1470 ad
689 1411 854 1488 archetypa
876 1410 1032 1490 expressis
1054 1407 1162 1468 disseri
1183 1417 1292 1486 potest
1334 1406 1394 1468 Sed
1417 1408 1512 1468 tutius

163 1521 212 1575 est
235 1513 313 1571 banc
335 1513 542 1588 quaestionem
565 1511 687 1570 differre
713 1512 744 1570 in
766 1503 907 1590 tempus,
937 1512 1019 1588 quod
1046 1529 1136 1588 spero
1164 1510 1249 1568 brevi
1276 1509 1417 1586 felicique
1444 1528 1511 1569 cum

164 1633 306 1674 moceseu
329 1625 505 1685 venturum,
530 1631 596 1672 curn
625 1633 724 1673 aream
748 1614 814 1672 lori
843 1613 942 1673 latiari
973 1613 1044 1672 olim
1075 1631 1191 1672 sacram
1217 1611 1357 1671 ordinata
1377 1611 1512 1682 iussione

162 1716 405 1794 explorabimus.

248 1818 299 1879 Ad
314 1836 403 1895 quern
422 1835 518 1894 usquo
532 1836 643 1876 annum
668 1819 699 1876 hi
715 1815 783 1878 insti
803 1817 866 1878 sint
880 1817 1056 1890 continuati,
1078 1815 1163 1877 nullo
1184 1832 1311 1894 possum
1335 1824 1511 1896 argumento

163 1919 299 1981 delinire.
339 1917 540 1986 suffectorum
563 1921 723 1980 consulum
745 1921 852 1980 aetatis
872 1921 1015 1990 incertae,
1036 1920 1088 2000 qui
1110 1918 1248 1997 inscripti
1270 1928 1340 1990 sunt
1364 1917 1512 1998 fragmen·

36 2079 37 2086 ,
163 2025 204 2084 tis
219 2043 241 2083 a
255 2023 388 2082 Marinio
403 2023 503 2095 editis,
528 2023 659 2082 nondum
677 2021 767 2082 ullam
784 2030 929 2099 quantum
952 2019 1015 2080 scio
1037 2023 1175 2080 notitiam
1198 2021 1279 2079 nacti
1303 2037 1407 2080 sumus
1430 2020 1512 2100 (vide

36 2191 38 2298 Ι

163 2122 198 2185 0.
216 2125 240 2183 l.
258 2123 293 2182 L.
310 2123 351 2196 11,
368 2122 474 2200 2344).
508 2123 617 2184 Ferias
640 2124 751 2184 latinas
781 2132 911 2184 exeunte
933 2123 1055 2184 saeculo
1077 2123 1167 2183 tertio
1190 2123 1240 2183 vel
1261 2123 1384 2182 incunte
1406 2133 1512 2200 quarto

164 2226 312 2286 celebrari
341 2227 419 2284 haud
447 2225 577 2288 desiisse
606 2234 737 2288 testatur
759 2227 844 2287 basis
870 2234 990 2286 statuae
1016 2225 1061 2284 ht.
1077 2224 1151 2285 Aur.
1175 2225 1284 2285 Victori
1309 2225 1340 2285 0.
1363 2224 1396 2286 V.
1414 2227 1510 2301 praes.

156 2329 369 2404 fericulusta
391 2329 534 2386 socndoti
555 2329 603 2386 dei
624 2327 704 2404 Solis
725 2327 944 2406 relipiorisairao
965 2346 984 2387 a
1004 2328 1107 2388 Iovino
1126 2327 1294 2388 callidicus
1317 2327 1512 2406 condiscipulo

164 2429 322 2490 dedicatae
342 2428 455 2506 (Orelli
478 2429 590 2504 3151);
613 2429 701 2490 cuius
720 2429 829 2490 titulus
850 2439 880 2490 ct
902 2428 973 2490 stilo
999 2439 1030 2490 et
1051 2430 1220 2507 scripturae
1242 2448 1350 2508 genere
1372 2437 1512 2502 aetatem,

164 2549 257 2611 qnam
271 2529 347 2592 dixi.
369 2549 436 2590 meo
462 2530 572 2592 iudicio
594 2531 814 2608 praesefert.
847 2531 965 2592 Herum
985 2533 1128 2592 feriarum
1151 2532 1320 2591 institutum
1343 2533 1433 2592 tertio
1449 2552 1535 2593 vor·

165 2641 249 2696 tentc
268 2633 391 2696 noculo
412 2633 547 2710 riguisse
574 2633 644 2694 itcm
673 2633 752 2710 lapis
778 2633 868 2694 docet
895 2643 975 2694 certa
1000 2633 1144 2712 temporis
1167 2645 1238 2692 nota
1258 2633 1403 2712 insignia,
1433 2652 1512 2694 anno

165 2735 225 2797 tto
251 2735 300 2796 rel
320 2733 382 2795 tto
404 2755 421 2794 a
444 2735 639 2796 recadutihua
665 2735 839 2798 &luridus
859 2741 1007 2815 seriorum
1028 2737 1186 2796 aunam
1205 2739 1308 2796 north
1330 2736 1432 2797 abaci
1451 2736 1511 2796 Ta-

165 2838 226 2899 cito
249 2845 395 2916 Augusto
424 2839 582 2897 dedicatus
608 2837 705 2912 (Ball.
729 2839 796 2898 ‹lall'
819 2839 872 2900 let.
899 2837 979 2898 tato
1001 2857 1031 2914 p.
1050 2837 1132 2914 136).
1178 2839 1260 2898 lnter
1285 2837 1457 2915 fragmenta
1480 2839 1511 2898 in

165 2943 230 3017 eius
253 2942 342 3003 aedis
363 2941 458 3001 ruinis
487 2949 603 3016 reporta
629 2940 790 3002 frustulum
813 2940 876 3000 vidi
898 2941 1006 3002 litteris
1029 2941 1159 3004 saeculis
1180 2941 1278 3017 quarti
1301 2942 1442 3002 excuntis
1464 2941 1513 3003 rel

165 3045 262 3122 quinti
285 3051 454 3104 exaratum.
492 3040 661 3102 Christiani
680 3043 846 3120 scriptores
870 3040 959 3104 ludos
981 3043 1116 3106 urbanos
1138 3043 1221 3102 loris
1244 3041 1360 3102 latiaris
1382 3041 1510 3104 ethnicis

165 3163 257 3225 saepe
281 3145 518 3222 exprobrarunt:
540 3164 611 3205 nam
633 3145 704 3205 dum
725 3145 838 3206 latinae
860 3147 892 3205 in
914 3145 1148 3206 montealbano
1170 3145 1347 3222 agebantur,
1369 3143 1430 3204 ludi
1448 3145 1509 3206 Ro·

165 3268 231 3308 mac
253 3249 382 3318 fiebant,
409 3255 439 3306 et
459 3247 529 3306 iuso
553 3266 572 3306 a
592 3248 812 3326 gladiatoribus
835 3249 983 3326 sanguino
1003 3247 1088 3308 loris
1109 3247 1303 3308 simulacrum
1328 3263 1510 3326 consperge-

166 3351 253 3410 hatur
282 3349 339 3426 (ri
362 3348 554 3428 ldarquardt,
582 3349 747 3410 Hmnharn
769 3349 829 3424 1v,
849 3348 948 3426 442).-
990 3347 1093 3423 Quare
1119 3347 1318 3410 Prudentius:
1343 3345 1512 3413 ‘Funditur

166 3453 315 3514 humanus
337 3451 437 3512 latiari
458 3451 491 3512 iu
512 3469 635 3526 munera
657 3447 792 3530 sanguis'
816 3453 938 3525 (contra
954 3449 1069 3530 Symm.
1084 3451 1108 3526 l,
1131 3451 1220 3528 396):
1249 3468 1311 3528 quo
1330 3450 1399 3510 loco
1421 3459 1513 3528 pocta

165 3553 202 3622 de
215 3555 426 3616 Romanorum
449 3555 545 3615 saone
566 3553 701 3630 loquitur
722 3565 793 3613 aute
807 3553 973 3614 Theodosii
994 3555 1032 3614 de
1045 3553 1183 3631 Eugenio
1198 3560 1327 3630 tyranno
1343 3553 1509 3614 victoriam.

165 3653 385 3717 Nicomachum
413 3673 503 3734 porro
526 3653 926 3735 FlavianumEugenianae
951 3655 1092 3716 bodoma
1113 3656 1222 3716 ducem
1242 3674 1270 3714 a.
1286 3655 1347 3732 394
1374 3655 1511 3718 ethnicos

166 3759 367 3818 caerimonias
383 3756 500 3818 Romae
522 3758 713 3831 instaurasse
723 3759 917 3818 notissimum
930 3753 993 3818 ee't:
1017 3775 1148 3836 eumque
1160 3759 1195 3817 dt
1206 3757 1277 3826 Ioue
1293 3758 1363 3817 lotio
1378 3777 1512 3834 sperasse

166 3859 289 3920 sulutem
314 3879 412 3938 nuper
438 3859 551 3930 editum
572 3879 591 3920 s
611 3859 747 3936 parisino
770 3861 873 3920 codice
894 3877 1015 3920 carmen
1042 3839 1170 3920 testatur
1197 3857 1333 3936 <Hermes
1354 3858 1410 3932 IV,
1432 3858 1509 3932 3583

167 3961 247 4022 Rau.
276 3961 403 4022 d'urcb.
425 3964 503 4020 atet
529 3959 609 4020 1868
631 3982 661 4040 p.
678 3961 733 4038 δὴ
761 3959 1014 4042 Riostpdntlolss
1038 3961 1089 4024 lai.
1111 3960 1127 4020 I
1149 3979 1179 4038 p.
1197 3959 1260 4036 ll).
1306 3959 1393 4035 Quae
1418 3961 1512 4021 verbu

166 4081 232 4123 cnm
255 4063 416 4123 Prudentii
438 4079 529 4124 versu
555 4063 669 4122 collata
694 4070 730 4122 et
751 4063 883 4144 mpxime
905 4061 1084 4123 Nicomachi
1110 4081 1184 4142 erga
1211 4070 1344 4124 veterum
1372 4063 1511 4122 instituta

166 4175 196 4224 et
221 4183 311 4225 sacra
337 4165 447 4226 ardens
476 4164 653 4244 superstitio
669 4165 672 4170 '
684 4165 835 4242 probabili
862 4165 973 4224 indicio
1000 4175 1072 4225 sunt
1098 4163 1184 4222 illum
1211 4163 1386 4224 consulares
1411 4165 1510 4224 iasces

167 4285 246 4326 anno
281 4266 343 4326 394
375 4285 493 4326 summa
525 4285 593 4326 cum
631 4274 780 4343 potestate
812 4264 930 4328 Rornae
962 4275 1111 4326 tenentem
1144 4265 1264 4324 nonnisi
1301 4265 1431 4342 peractis
1464 4285 1510 4326 re·

166 4367 296 4446 ligioeac
318 4369 396 4446 legis
418 4371 606 4447 praescripto
627 4369 730 4428 latinis
753 4352 859 4430 contu
879 4367 1086 4429 Theodosium
1110 4385 1196 4427 arma
1221 4368 1362 4428 movisse.
1408 4365 1510 4445 Quare

167 4489 193 4528 a
218 4465 280 4530 394
307 4471 551 4547 audquisaimum
580 4471 692 4529 festum
720 4471 797 4532 diem
824 4473 1024 4531 instauratum
1050 4469 1217 4546 eodemque
1244 4487 1322 4528 anno
1344 4467 1510 4529 Theodosii

169 4571 397 4650 triumphatoris
418 4573 485 4651 lege
506 4574 536 4632 in
552 4587 730 4652 perpetuum
748 4574 891 4634 abolitum
908 4573 1112 4650 templumque
1126 4571 1208 4631 lovis
1223 4571 1339 4630 latiaris
1355 4571 1509 4632 occlusum

168 4673 335 4736 consimile
356 4672 464 4734 iudico.

1140 4841 1168 4908 l.
1193 4840 1228 4898 B.
1250 4855 1294 4898 os
1315 4837 1426 4899 Rosea
