<?xml version="1.0" encoding="UTF-8"?>
<!DOCTYPE html PUBLIC "-//W3C//DTD XHTML 1.0 Transitional//EN"
    "http://www.w3.org/TR/xhtml1/DTD/xhtml1-transitional.dtd">
<html xmlns="http://www.w3.org/1999/xhtml" xml:lang="en" lang="en">
 <head>
  <title>
</title>
<meta http-equiv="Content-Type" content="text/html;charset=utf-8" />
  <meta name='ocr-system' content='tesseract 3.04.00' />
  <meta name='ocr-capabilities' content='ocr_page ocr_carea ocr_par ocr_line ocrx_word'/>
</head>
<body>
  <div class='ocr_page' id='page_1' title='image "./ephemerisepigra08instgoog/ephemerisepigra08instgoog_0033.png"; bbox 0 0 3794 5850; ppageno 0'>
   <div class='ocr_carea' id='block_1_1' title="bbox 389 565 1135 640">
    <p class='ocr_par' dir='ltr' id='par_1_1' title="bbox 389 565 1135 640">
     <span class='ocr_line' id='line_1_1' title="bbox 389 565 1135 640; baseline 0.005 -4"><span class='ocrx_word' id='word_1_1' title='bbox 389 565 436 636; x_wconf 82' lang='lat'>26</span> <span class='ocrx_word' id='word_1_2' title='bbox 983 579 1135 640; x_wconf 75' lang='lat' dir='ltr'>auarus</span> 
     </span>
    </p>
   </div>
   <div class='ocr_carea' id='block_1_2' title="bbox 387 759 1726 1249">
    <p class='ocr_par' dir='ltr' id='par_1_2' title="bbox 387 759 1726 1249">
     <span class='ocr_line' id='line_1_2' title="bbox 387 759 1726 840; baseline 0.003 -22"><span class='ocrx_word' id='word_1_3' title='bbox 387 759 486 836; x_wconf 88' lang='lat' dir='ltr'>iisque</span> <span class='ocrx_word' id='word_1_4' title='bbox 520 759 630 836; x_wconf 87' lang='lat' dir='ltr'>partim</span> <span class='ocrx_word' id='word_1_5' title='bbox 659 761 759 821; x_wconf 87' lang='lat' dir='ltr'>dubiis</span> <span class='ocrx_word' id='word_1_6' title='bbox 786 770 959 836; x_wconf 78' lang='lat' dir='ltr'>versantur3</span> <span class='ocrx_word' id='word_1_7' title='bbox 995 779 1089 838; x_wconf 88' lang='lat' dir='ltr'>quare</span> <span class='ocrx_word' id='word_1_8' title='bbox 1120 762 1203 840; x_wconf 87' lang='lat' dir='ltr'>leges</span> <span class='ocrx_word' id='word_1_9' title='bbox 1231 781 1306 840; x_wconf 87' lang='lat' dir='ltr'>qnae</span> <span class='ocrx_word' id='word_1_10' title='bbox 1333 761 1403 822; x_wconf 86' lang='lat' dir='ltr'>in&#39;de</span> <span class='ocrx_word' id='word_1_11' title='bbox 1430 762 1575 824; x_wconf 73' lang='lat' dir='ltr'>deducere</span> <span class='ocrx_word' id='word_1_12' title='bbox 1604 763 1726 824; x_wconf 76' lang='lat' dir='ltr'>student</span> 
     </span>
     <span class='ocr_line' id='line_1_3' title="bbox 389 847 1724 941; baseline 0.003 -21"><span class='ocrx_word' id='word_1_13' title='bbox 389 861 542 940; x_wconf 75' lang='lat' dir='ltr'>generales</span> <span class='ocrx_word' id='word_1_14' title='bbox 568 879 674 938; x_wconf 88' lang='lat' dir='ltr'>parurn</span> <span class='ocrx_word' id='word_1_15' title='bbox 700 871 799 924; x_wconf 87' lang='lat' dir='ltr'>certae</span> <span class='ocrx_word' id='word_1_16' title='bbox 826 873 906 924; x_wconf 87' lang='lat' dir='ltr'>aunt.</span> <span class='ocrx_word' id='word_1_17' title='bbox 949 861 1040 938; x_wconf 85' lang='lat' dir='ltr'>Quod</span> <span class='ocrx_word' id='word_1_18' title='bbox 1068 847 1165 941; x_wconf 88' lang='lat' dir='ltr'>siquis</span> <span class='ocrx_word' id='word_1_19' title='bbox 1186 865 1289 924; x_wconf 85' lang='lat' dir='ltr'>vitium</span> <span class='ocrx_word' id='word_1_20' title='bbox 1312 865 1434 925; x_wconf 87' lang='lat' dir='ltr'>omnino</span> <span class='ocrx_word' id='word_1_21' title='bbox 1457 867 1553 924; x_wconf 88' lang='lat' dir='ltr'>vitare</span> <span class='ocrx_word' id='word_1_22' title='bbox 1575 867 1669 938; x_wconf 84' lang='lat' dir='ltr'>volet,</span> <span class='ocrx_word' id='word_1_23' title='bbox 1696 866 1724 924; x_wconf 90' lang='lat' dir='ltr'>ei</span> 
     </span>
     <span class='ocr_line' id='line_1_4' title="bbox 389 965 1725 1054; baseline 0 -31"><span class='ocrx_word' id='word_1_24' title='bbox 389 985 407 1023; x_wconf 89' lang='lat' dir='ltr'>a</span> <span class='ocrx_word' id='word_1_25' title='bbox 427 965 654 1040; x_wconf 84' lang='lat' dir='ltr'>quaestionibus</span> <span class='ocrx_word' id='word_1_26' title='bbox 674 966 923 1045; x_wconf 85' lang='lat' dir='ltr'>onomatologicis</span> <span class='ocrx_word' id='word_1_27' title='bbox 944 985 1030 1054; x_wconf 84' lang='lat' dir='ltr'>nunc</span> <span class='ocrx_word' id='word_1_28' title='bbox 1045 967 1165 1044; x_wconf 88' lang='lat' dir='ltr'>quidem</span> <span class='ocrx_word' id='word_1_29' title='bbox 1188 984 1314 1044; x_wconf 88' lang='lat' dir='ltr'>prorsus</span> <span class='ocrx_word' id='word_1_30' title='bbox 1336 967 1546 1027; x_wconf 85' lang='lat' dir='ltr'>abstinendum</span> <span class='ocrx_word' id='word_1_31' title='bbox 1568 977 1624 1028; x_wconf 88' lang='lat' dir='ltr'>est.</span> <span class='ocrx_word' id='word_1_32' title='bbox 1668 967 1725 1027; x_wconf 79' lang='lat' dir='ltr'>Ni..</span> 
     </span>
     <span class='ocr_line' id='line_1_5' title="bbox 387 1057 1724 1146; baseline 0.004 -23"><span class='ocrx_word' id='word_1_33' title='bbox 387 1057 452 1124; x_wconf 88' lang='lat' dir='ltr'>hilo</span> <span class='ocrx_word' id='word_1_34' title='bbox 473 1085 545 1126; x_wconf 87' lang='lat' dir='ltr'>vero</span> <span class='ocrx_word' id='word_1_35' title='bbox 572 1065 665 1126; x_wconf 87' lang='lat' dir='ltr'>aetius</span> <span class='ocrx_word' id='word_1_36' title='bbox 687 1068 785 1128; x_wconf 83' lang='lat' dir='ltr'>risum</span> <span class='ocrx_word' id='word_1_37' title='bbox 812 1068 887 1128; x_wconf 87' lang='lat' dir='ltr'>mihi</span> <span class='ocrx_word' id='word_1_38' title='bbox 913 1077 962 1130; x_wconf 91' lang='lat' dir='ltr'>est</span> <span class='ocrx_word' id='word_1_39' title='bbox 982 1075 999 1128; x_wconf 86' lang='lat' dir='ltr'>e</span> <span class='ocrx_word' id='word_1_40' title='bbox 1021 1089 1054 1128; x_wconf 89' lang='lat' dir='ltr'>re</span> <span class='ocrx_word' id='word_1_41' title='bbox 1076 1085 1145 1128; x_wconf 88' lang='lat' dir='ltr'>esse</span> <span class='ocrx_word' id='word_1_42' title='bbox 1170 1087 1209 1128; x_wconf 85' lang='lat' dir='ltr'>ex</span> <span class='ocrx_word' id='word_1_43' title='bbox 1232 1068 1340 1129; x_wconf 84' lang='lat' dir='ltr'>studiis</span> <span class='ocrx_word' id='word_1_44' title='bbox 1362 1069 1436 1128; x_wconf 90' lang='lat' dir='ltr'>olim</span> <span class='ocrx_word' id='word_1_45' title='bbox 1457 1069 1606 1130; x_wconf 75' lang='lat' dir='ltr'><strong>incohatis</strong></span> <span class='ocrx_word' id='word_1_46' title='bbox 1627 1088 1724 1146; x_wconf 89' lang='lat' dir='ltr'>neque</span> 
     </span>
     <span class='ocr_line' id='line_1_6' title="bbox 390 1159 1724 1249; baseline 0.003 -23"><span class='ocrx_word' id='word_1_47' title='bbox 390 1186 460 1228; x_wconf 88' lang='lat' dir='ltr'>rero</span> <span class='ocrx_word' id='word_1_48' title='bbox 487 1186 618 1244; x_wconf 85' lang='lat' dir='ltr'>unquam</span> <span class='ocrx_word' id='word_1_49' title='bbox 645 1159 788 1248; x_wconf 72' lang='lat' dir='ltr'>sepositis</span> <span class='ocrx_word' id='word_1_50' title='bbox 814 1171 845 1230; x_wconf 90' lang='lat' dir='ltr'>in</span> <span class='ocrx_word' id='word_1_51' title='bbox 872 1169 1027 1248; x_wconf 85' lang='lat' dir='ltr'>singulare</span> <span class='ocrx_word' id='word_1_52' title='bbox 1048 1171 1200 1248; x_wconf 91' lang='lat' dir='ltr'>quoddam</span> <span class='ocrx_word' id='word_1_53' title='bbox 1222 1172 1375 1231; x_wconf 87' lang='lat' dir='ltr'>nominum</span> <span class='ocrx_word' id='word_1_54' title='bbox 1396 1189 1491 1249; x_wconf 89' lang='lat' dir='ltr'>genus</span> <span class='ocrx_word' id='word_1_55' title='bbox 1514 1172 1724 1231; x_wconf 85' lang='lat' dir='ltr'>illustrandum</span> 
     </span>
    </p>
   </div>
   <div class='ocr_carea' id='block_1_3' title="bbox 384 1269 1729 4616">
    <p class='ocr_par' dir='ltr' id='par_1_3' title="bbox 388 1269 1724 1458">
     <span class='ocr_line' id='line_1_7' title="bbox 388 1269 1724 1352; baseline 0.003 -24"><span class='ocrx_word' id='word_1_56' title='bbox 388 1270 460 1347; x_wconf 90' lang='lat' dir='ltr'>quid</span> <span class='ocrx_word' id='word_1_57' title='bbox 482 1269 649 1330; x_wconf 84' lang='lat' dir='ltr'>redundare</span> <span class='ocrx_word' id='word_1_58' title='bbox 670 1271 768 1350; x_wconf 87' lang='lat' dir='ltr'>possit</span> <span class='ocrx_word' id='word_1_59' title='bbox 782 1273 920 1333; x_wconf 71' lang='lat' dir='ltr'>utilitatis</span> <span class='ocrx_word' id='word_1_60' title='bbox 933 1273 1045 1333; x_wconf 90' lang='lat' dir='ltr'>iudicio</span> <span class='ocrx_word' id='word_1_61' title='bbox 1060 1274 1223 1352; x_wconf 76' lang='lat' dir='ltr'>peritorum</span> <span class='ocrx_word' id='word_1_62' title='bbox 1238 1273 1384 1345; x_wconf 87' lang='lat' dir='ltr'>subicere,</span> <span class='ocrx_word' id='word_1_63' title='bbox 1406 1273 1522 1332; x_wconf 75' lang='lat' dir='ltr'>edumei</span> <span class='ocrx_word' id='word_1_64' title='bbox 1538 1273 1724 1351; x_wconf 83' lang='lat' dir='ltr'>quaestionis</span> 
     </span>
     <span class='ocr_line' id='line_1_8' title="bbox 388 1361 1650 1458; baseline 0.004 -28"><span class='ocrx_word' id='word_1_65' title='bbox 388 1371 614 1432; x_wconf 80' lang='lat' dir='ltr'>fundamentum</span> <span class='ocrx_word' id='word_1_66' title='bbox 635 1393 697 1434; x_wconf 89' lang='lat' dir='ltr'>non</span> <span class='ocrx_word' id='word_1_67' title='bbox 718 1391 814 1451; x_wconf 88' lang='lat' dir='ltr'>usque</span> <span class='ocrx_word' id='word_1_68' title='bbox 836 1387 957 1452; x_wconf 86' lang='lat' dir='ltr'>quaqua</span> <span class='ocrx_word' id='word_1_69' title='bbox 976 1361 1098 1458; x_wconf 76' lang='lat' dir='ltr'>firmum</span> <span class='ocrx_word' id='word_1_70' title='bbox 1117 1385 1148 1434; x_wconf 91' lang='lat' dir='ltr'>et</span> <span class='ocrx_word' id='word_1_71' title='bbox 1168 1375 1341 1435; x_wconf 88' lang='lat' dir='ltr'>absolutum</span> <span class='ocrx_word' id='word_1_72' title='bbox 1363 1392 1430 1434; x_wconf 86' lang='lat' dir='ltr'>esse</span> <span class='ocrx_word' id='word_1_73' title='bbox 1452 1393 1511 1435; x_wconf 89' lang='lat' dir='ltr'>non</span> <span class='ocrx_word' id='word_1_74' title='bbox 1533 1377 1650 1452; x_wconf 84' lang='lat' dir='ltr'>ignoro.</span> 
     </span>
    </p>

    <p class='ocr_par' dir='ltr' id='par_1_4' title="bbox 386 1459 1728 3597">
     <span class='ocr_line' id='line_1_9' title="bbox 472 1459 1726 1554; baseline 0.004 -22"><span class='ocrx_word' id='word_1_75' title='bbox 472 1471 562 1548; x_wconf 84' lang='lat' dir='ltr'>Quod</span> <span class='ocrx_word' id='word_1_76' title='bbox 582 1476 770 1552; x_wconf 75' lang='lat' dir='ltr'>grammatici</span> <span class='ocrx_word' id='word_1_77' title='bbox 787 1459 900 1538; x_wconf 45' lang='lat' dir='ltr'>&#39;docent</span> <span class='ocrx_word' id='word_1_78' title='bbox 920 1477 1044 1540; x_wconf 88' lang='lat' dir='ltr'>nomina</span> <span class='ocrx_word' id='word_1_79' title='bbox 1058 1477 1211 1554; x_wconf 86' lang='lat' dir='ltr'>gentilicia</span> <span class='ocrx_word' id='word_1_80' title='bbox 1224 1475 1364 1537; x_wconf 85' lang='lat' dir='ltr'>Romana</span> <span class='ocrx_word' id='word_1_81' title='bbox 1382 1477 1413 1536; x_wconf 89' lang='lat' dir='ltr'>in</span> <span class='ocrx_word' id='word_1_82' title='bbox 1428 1481 1474 1538; x_wconf 83' lang='lat' dir='ltr'>t&#39;tta</span> <span class='ocrx_word' id='word_1_83' title='bbox 1492 1475 1617 1536; x_wconf 78' lang='lat' dir='ltr'>formari</span> <span class='ocrx_word' id='word_1_84' title='bbox 1632 1477 1726 1537; x_wconf 89' lang='lat' dir='ltr'>solita</span> 
     </span>
     <span class='ocr_line' id='line_1_10' title="bbox 389 1575 1724 1657; baseline 0.003 -23"><span class='ocrx_word' id='word_1_85' title='bbox 389 1592 472 1650; x_wconf 87' lang='lat' dir='ltr'>esse,</span> <span class='ocrx_word' id='word_1_86' title='bbox 494 1575 526 1636; x_wconf 91' lang='lat' dir='ltr'>id</span> <span class='ocrx_word' id='word_1_87' title='bbox 552 1593 610 1636; x_wconf 86' lang='lat' dir='ltr'>usu</span> <span class='ocrx_word' id='word_1_88' title='bbox 632 1596 751 1656; x_wconf 88' lang='lat' dir='ltr'>quoque</span> <span class='ocrx_word' id='word_1_89' title='bbox 771 1579 960 1657; x_wconf 86' lang='lat' dir='ltr'>comprobari</span> <span class='ocrx_word' id='word_1_90' title='bbox 982 1585 1087 1640; x_wconf 87' lang='lat' dir='ltr'>nutum</span> <span class='ocrx_word' id='word_1_91' title='bbox 1108 1587 1169 1651; x_wconf 88' lang='lat' dir='ltr'>est;</span> <span class='ocrx_word' id='word_1_92' title='bbox 1195 1599 1265 1638; x_wconf 89' lang='lat' dir='ltr'>nem</span> <span class='ocrx_word' id='word_1_93' title='bbox 1287 1581 1411 1639; x_wconf 80' lang='lat' dir='ltr'>nomina</span> <span class='ocrx_word' id='word_1_94' title='bbox 1430 1579 1564 1656; x_wconf 88' lang='lat' dir='ltr'>gentium</span> <span class='ocrx_word' id='word_1_95' title='bbox 1585 1579 1724 1656; x_wconf 88' lang='lat' dir='ltr'>petricia-</span> 
     </span>
     <span class='ocr_line' id='line_1_11' title="bbox 387 1680 1724 1758; baseline 0.004 -22"><span class='ocrx_word' id='word_1_96' title='bbox 387 1698 454 1740; x_wconf 89' lang='lat' dir='ltr'>rum</span> <span class='ocrx_word' id='word_1_97' title='bbox 480 1687 631 1758; x_wconf 84' lang='lat' dir='ltr'>quotquot</span> <span class='ocrx_word' id='word_1_98' title='bbox 650 1681 790 1742; x_wconf 82' lang='lat' dir='ltr'>norimus</span> <span class='ocrx_word' id='word_1_99' title='bbox 809 1681 894 1742; x_wconf 89' lang='lat' dir='ltr'>nullo</span> <span class='ocrx_word' id='word_1_100' title='bbox 916 1690 1059 1757; x_wconf 83' lang='lat' dir='ltr'>excepto,</span> <span class='ocrx_word' id='word_1_101' title='bbox 1084 1681 1157 1740; x_wconf 87' lang='lat' dir='ltr'>item</span> <span class='ocrx_word' id='word_1_102' title='bbox 1178 1680 1344 1740; x_wconf 87' lang='lat' dir='ltr'>nobilitatis</span> <span class='ocrx_word' id='word_1_103' title='bbox 1366 1680 1640 1758; x_wconf 78' lang='lat' dir='ltr'>plebeieeoentnn</span> <span class='ocrx_word' id='word_1_104' title='bbox 1663 1702 1724 1742; x_wconf 89' lang='lat' dir='ltr'>rrorr</span> 
     </span>
     <span class='ocr_line' id='line_1_12' title="bbox 388 1777 1724 1861; baseline 0.001 -21"><span class='ocrx_word' id='word_1_105' title='bbox 388 1783 490 1841; x_wconf 88' lang='lat' dir='ltr'>omnia</span> <span class='ocrx_word' id='word_1_106' title='bbox 510 1784 542 1842; x_wconf 90' lang='lat' dir='ltr'>in</span> <span class='ocrx_word' id='word_1_107' title='bbox 563 1783 609 1841; x_wconf 83' lang='lat' dir='ltr'>ias</span> <span class='ocrx_word' id='word_1_108' title='bbox 629 1781 878 1861; x_wconf 71' lang='lat' dir='ltr'>terminentur2).</span> <span class='ocrx_word' id='word_1_109' title='bbox 911 1783 1028 1850; x_wconf 81' lang='lat' dir='ltr'>Temen</span> <span class='ocrx_word' id='word_1_110' title='bbox 1049 1791 1168 1860; x_wconf 87' lang='lat' dir='ltr'>praeter</span> <span class='ocrx_word' id='word_1_111' title='bbox 1189 1777 1334 1853; x_wconf 80' lang='lat' dir='ltr'>suffixum</span> <span class='ocrx_word' id='word_1_112' title='bbox 1354 1781 1436 1860; x_wconf 90' lang='lat' dir='ltr'>qnod</span> <span class='ocrx_word' id='word_1_113' title='bbox 1456 1795 1505 1842; x_wconf 90' lang='lat' dir='ltr'>est</span> <span class='ocrx_word' id='word_1_114' title='bbox 1524 1787 1569 1842; x_wconf 83' lang='lat' dir='ltr'>iar</span> <span class='ocrx_word' id='word_1_115' title='bbox 1592 1784 1724 1859; x_wconf 67' lang='lat' dir='ltr'>(sivein,</span> 
     </span>
     <span class='ocr_line' id='line_1_13' title="bbox 388 1881 1724 1964; baseline 0.003 -22"><span class='ocrx_word' id='word_1_116' title='bbox 388 1892 423 1943; x_wconf 94' lang='lat' dir='ltr'>ut</span> <span class='ocrx_word' id='word_1_117' title='bbox 447 1903 514 1944; x_wconf 91' lang='lat' dir='ltr'>cum</span> <span class='ocrx_word' id='word_1_118' title='bbox 540 1884 752 1962; x_wconf 85' lang='lat' dir='ltr'>grammaticae</span> <span class='ocrx_word' id='word_1_119' title='bbox 776 1893 968 1964; x_wconf 88' lang='lat' dir='ltr'>comparatae</span> <span class='ocrx_word' id='word_1_120' title='bbox 992 1884 1166 1945; x_wconf 87' lang='lat' dir='ltr'>doctoribus</span> <span class='ocrx_word' id='word_1_121' title='bbox 1187 1881 1359 1963; x_wconf 81' lang='lat' dir='ltr'>loquemur)</span> <span class='ocrx_word' id='word_1_122' title='bbox 1385 1902 1463 1961; x_wconf 87' lang='lat' dir='ltr'>quae</span> <span class='ocrx_word' id='word_1_123' title='bbox 1490 1883 1581 1944; x_wconf 86' lang='lat' dir='ltr'>etiem</span> <span class='ocrx_word' id='word_1_124' title='bbox 1607 1887 1724 1963; x_wconf 87' lang='lat' dir='ltr'>origine</span> 
     </span>
     <span class='ocr_line' id='line_1_14' title="bbox 388 1984 1724 2064; baseline 0.003 -20"><span class='ocrx_word' id='word_1_125' title='bbox 388 1986 427 2044; x_wconf 90' lang='lat' dir='ltr'>ab</span> <span class='ocrx_word' id='word_1_126' title='bbox 447 1987 519 2064; x_wconf 87' lang='lat' dir='ltr'>ipso</span> <span class='ocrx_word' id='word_1_127' title='bbox 546 2006 607 2047; x_wconf 92' lang='lat' dir='ltr'>non</span> <span class='ocrx_word' id='word_1_128' title='bbox 633 1985 754 2046; x_wconf 84' lang='lat' dir='ltr'>diverse</span> <span class='ocrx_word' id='word_1_129' title='bbox 773 1988 912 2048; x_wconf 83' lang='lat' dir='ltr'>videntur</span> <span class='ocrx_word' id='word_1_130' title='bbox 931 1987 1028 2047; x_wconf 81' lang='lat' dir='ltr'>fuisse</span> <span class='ocrx_word' id='word_1_131' title='bbox 1049 2006 1119 2047; x_wconf 85' lang='lat' dir='ltr'>aeas</span> <span class='ocrx_word' id='word_1_132' title='bbox 1141 1987 1236 2064; x_wconf 91' lang='lat' dir='ltr'>(qnod</span> <span class='ocrx_word' id='word_1_133' title='bbox 1258 1984 1424 2063; x_wconf 85' lang='lat' dir='ltr'>antiquitus</span> <span class='ocrx_word' id='word_1_134' title='bbox 1446 1990 1512 2045; x_wconf 85' lang='lat' dir='ltr'>aius</span> <span class='ocrx_word' id='word_1_135' title='bbox 1534 1987 1606 2058; x_wconf 82' lang='lat' dir='ltr'>luit,</span> <span class='ocrx_word' id='word_1_136' title='bbox 1633 1985 1724 2048; x_wconf 87' lang='lat' dir='ltr'>Oscis</span> 
     </span>
     <span class='ocr_line' id='line_1_15' title="bbox 387 2087 1724 2168; baseline 0.003 -22"><span class='ocrx_word' id='word_1_137' title='bbox 387 2087 515 2148; x_wconf 81' lang='lat' dir='ltr'>fortasse</span> <span class='ocrx_word' id='word_1_138' title='bbox 537 2107 623 2162; x_wconf 81' lang='lat' dir='ltr'>anta,</span> <span class='ocrx_word' id='word_1_139' title='bbox 650 2090 760 2149; x_wconf 87' lang='lat' dir='ltr'>rustice</span> <span class='ocrx_word' id='word_1_140' title='bbox 782 2090 851 2164; x_wconf 86' lang='lat' dir='ltr'>eas)</span> <span class='ocrx_word' id='word_1_141' title='bbox 878 2099 908 2149; x_wconf 92' lang='lat' dir='ltr'>et</span> <span class='ocrx_word' id='word_1_142' title='bbox 929 2093 990 2149; x_wconf 83' lang='lat' dir='ltr'>eiua</span> <span class='ocrx_word' id='word_1_143' title='bbox 1012 2088 1124 2148; x_wconf 75' lang='lat' dir='ltr'>suffixa</span> <span class='ocrx_word' id='word_1_144' title='bbox 1148 2091 1232 2148; x_wconf 86' lang='lat' dir='ltr'>omri</span> <span class='ocrx_word' id='word_1_145' title='bbox 1253 2098 1389 2167; x_wconf 88' lang='lat' dir='ltr'>tempore</span> <span class='ocrx_word' id='word_1_146' title='bbox 1409 2089 1631 2166; x_wconf 87' lang='lat' dir='ltr'>gentiliciorum</span> <span class='ocrx_word' id='word_1_147' title='bbox 1654 2109 1724 2168; x_wconf 88' lang='lat' dir='ltr'>pro·</span> 
     </span>
     <span class='ocr_line' id='line_1_16' title="bbox 388 2189 1723 2268; baseline 0.003 -20"><span class='ocrx_word' id='word_1_148' title='bbox 388 2190 456 2268; x_wconf 88' lang='lat' dir='ltr'>pria</span> <span class='ocrx_word' id='word_1_149' title='bbox 476 2191 609 2264; x_wconf 85' lang='lat' dir='ltr'>luerunt,</span> <span class='ocrx_word' id='word_1_150' title='bbox 632 2201 664 2250; x_wconf 89' lang='lat' dir='ltr'>ut</span> <span class='ocrx_word' id='word_1_151' title='bbox 685 2193 716 2252; x_wconf 91' lang='lat' dir='ltr'>in</span> <span class='ocrx_word' id='word_1_152' title='bbox 731 2191 870 2252; x_wconf 78' lang='lat' dir='ltr'>Annaeus</span> <span class='ocrx_word' id='word_1_153' title='bbox 885 2191 1042 2268; x_wconf 80' lang='lat' dir='ltr'>Poppaeus</span> <span class='ocrx_word' id='word_1_154' title='bbox 1063 2200 1095 2251; x_wconf 90' lang='lat' dir='ltr'>et</span> <span class='ocrx_word' id='word_1_155' title='bbox 1108 2189 1251 2250; x_wconf 67' lang='lat' dir='ltr'>Macetae</span> <span class='ocrx_word' id='word_1_156' title='bbox 1265 2189 1418 2268; x_wconf 82' lang='lat' dir='ltr'>Pompeiae</span> <span class='ocrx_word' id='word_1_157' title='bbox 1440 2209 1507 2250; x_wconf 89' lang='lat' dir='ltr'>cum</span> <span class='ocrx_word' id='word_1_158' title='bbox 1526 2190 1723 2268; x_wconf 84' lang='lat' dir='ltr'>similibus¹).</span> 
     </span>
     <span class='ocr_line' id='line_1_17' title="bbox 388 2289 1724 2373; baseline 0.001 -20"><span class='ocrx_word' id='word_1_159' title='bbox 388 2289 448 2353; x_wconf 87' lang='lat' dir='ltr'>Sed</span> <span class='ocrx_word' id='word_1_160' title='bbox 469 2311 506 2351; x_wconf 89' lang='lat' dir='ltr'>ne</span> <span class='ocrx_word' id='word_1_161' title='bbox 529 2293 560 2352; x_wconf 89' lang='lat' dir='ltr'>in</span> <span class='ocrx_word' id='word_1_162' title='bbox 582 2293 639 2352; x_wconf 85' lang='lat' dir='ltr'>hec</span> <span class='ocrx_word' id='word_1_163' title='bbox 662 2294 783 2372; x_wconf 92' lang='lat' dir='ltr'>quidem</span> <span class='ocrx_word' id='word_1_164' title='bbox 805 2311 874 2353; x_wconf 86' lang='lat' dir='ltr'>aeas</span> <span class='ocrx_word' id='word_1_165' title='bbox 897 2297 956 2352; x_wconf 80' lang='lat' dir='ltr'>eiua</span> <span class='ocrx_word' id='word_1_166' title='bbox 977 2295 1023 2352; x_wconf 80' lang='lat' dir='ltr'>iae</span> <span class='ocrx_word' id='word_1_167' title='bbox 1045 2292 1223 2352; x_wconf 81' lang='lat' dir='ltr'>suffixorum</span> <span class='ocrx_word' id='word_1_168' title='bbox 1246 2301 1441 2370; x_wconf 82' lang='lat' dir='ltr'>cognatorum</span> <span class='ocrx_word' id='word_1_169' title='bbox 1463 2294 1608 2354; x_wconf 85' lang='lat' dir='ltr'>varietate</span> <span class='ocrx_word' id='word_1_170' title='bbox 1629 2296 1724 2373; x_wconf 87' lang='lat' dir='ltr'>genti·</span> 
     </span>
     <span class='ocr_line' id='line_1_18' title="bbox 387 2388 1725 2474; baseline 0.003 -20"><span class='ocrx_word' id='word_1_171' title='bbox 387 2395 524 2456; x_wconf 88' lang='lat' dir='ltr'>liciorum</span> <span class='ocrx_word' id='word_1_172' title='bbox 546 2397 700 2455; x_wconf 90' lang='lat' dir='ltr'>nominum</span> <span class='ocrx_word' id='word_1_173' title='bbox 722 2395 862 2456; x_wconf 83' lang='lat' dir='ltr'>formatio</span> <span class='ocrx_word' id='word_1_174' title='bbox 883 2413 951 2456; x_wconf 85' lang='lat' dir='ltr'>sese</span> <span class='ocrx_word' id='word_1_175' title='bbox 973 2395 1129 2455; x_wconf 78' lang='lat' dir='ltr'>continuit.</span> <span class='ocrx_word' id='word_1_176' title='bbox 1160 2393 1206 2454; x_wconf 91' lang='lat' dir='ltr'>Ut</span> <span class='ocrx_word' id='word_1_177' title='bbox 1226 2412 1321 2454; x_wconf 84' lang='lat' dir='ltr'>novae</span> <span class='ocrx_word' id='word_1_178' title='bbox 1342 2388 1463 2471; x_wconf 86' lang='lat' dir='ltr'>semper</span> <span class='ocrx_word' id='word_1_179' title='bbox 1483 2404 1588 2474; x_wconf 85' lang='lat' dir='ltr'>gentes</span> <span class='ocrx_word' id='word_1_180' title='bbox 1610 2397 1725 2458; x_wconf 89' lang='lat' dir='ltr'>nomini</span> 
     </span>
     <span class='ocr_line' id='line_1_19' title="bbox 386 2495 1724 2575; baseline -0.001 -17"><span class='ocrx_word' id='word_1_181' title='bbox 386 2495 497 2558; x_wconf 85' lang='lat' dir='ltr'>Latino</span> <span class='ocrx_word' id='word_1_182' title='bbox 523 2507 715 2560; x_wconf 84' lang='lat' dir='ltr'>acoesserunt</span> <span class='ocrx_word' id='word_1_183' title='bbox 742 2499 870 2575; x_wconf 88' lang='lat' dir='ltr'>indeque</span> <span class='ocrx_word' id='word_1_184' title='bbox 896 2497 1053 2575; x_wconf 76' lang='lat' dir='ltr'>paullatim</span> <span class='ocrx_word' id='word_1_185' title='bbox 1080 2496 1227 2572; x_wconf 69' lang='lat' dir='ltr'>suocnyit</span> <span class='ocrx_word' id='word_1_186' title='bbox 1253 2496 1384 2575; x_wconf 86' lang='lat' dir='ltr'>populus</span> <span class='ocrx_word' id='word_1_187' title='bbox 1405 2495 1561 2557; x_wconf 81' lang='lat' dir='ltr'>Romanus</span> <span class='ocrx_word' id='word_1_188' title='bbox 1588 2515 1642 2574; x_wconf 91' lang='lat' dir='ltr'>per</span> <span class='ocrx_word' id='word_1_189' title='bbox 1663 2499 1724 2558; x_wconf 88' lang='lat' dir='ltr'>Ita-</span> 
     </span>
     <span class='ocr_line' id='line_1_20' title="bbox 387 2597 1725 2679; baseline 0.001 -21"><span class='ocrx_word' id='word_1_190' title='bbox 387 2597 460 2658; x_wconf 88' lang='lat' dir='ltr'>liam</span> <span class='ocrx_word' id='word_1_191' title='bbox 487 2607 517 2660; x_wconf 90' lang='lat' dir='ltr'>et</span> <span class='ocrx_word' id='word_1_192' title='bbox 537 2609 625 2660; x_wconf 71' lang='lat' dir='ltr'>extu</span> <span class='ocrx_word' id='word_1_193' title='bbox 647 2619 712 2660; x_wconf 89' lang='lat' dir='ltr'>eam</span> <span class='ocrx_word' id='word_1_194' title='bbox 734 2601 765 2660; x_wconf 88' lang='lat' dir='ltr'>in</span> <span class='ocrx_word' id='word_1_195' title='bbox 786 2601 960 2679; x_wconf 82' lang='lat' dir='ltr'>provincias</span> <span class='ocrx_word' id='word_1_196' title='bbox 982 2616 1122 2678; x_wconf 81' lang='lat' dir='ltr'>sparsus,</span> <span class='ocrx_word' id='word_1_197' title='bbox 1149 2600 1192 2659; x_wconf 85' lang='lat' dir='ltr'>ita</span> <span class='ocrx_word' id='word_1_198' title='bbox 1213 2617 1310 2658; x_wconf 76' lang='lat' dir='ltr'>norae</span> <span class='ocrx_word' id='word_1_199' title='bbox 1331 2607 1514 2676; x_wconf 76' lang='lat' dir='ltr'>propagatae</span> <span class='ocrx_word' id='word_1_200' title='bbox 1537 2607 1609 2659; x_wconf 84' lang='lat' dir='ltr'>sunt</span> <span class='ocrx_word' id='word_1_201' title='bbox 1629 2602 1725 2678; x_wconf 88' lang='lat' dir='ltr'>genti-</span> 
     </span>
     <span class='ocr_line' id='line_1_21' title="bbox 388 2699 1725 2780; baseline 0.004 -22"><span class='ocrx_word' id='word_1_202' title='bbox 388 2701 525 2761; x_wconf 87' lang='lat' dir='ltr'>liciorum</span> <span class='ocrx_word' id='word_1_203' title='bbox 547 2703 700 2762; x_wconf 87' lang='lat' dir='ltr'>nominum</span> <span class='ocrx_word' id='word_1_204' title='bbox 722 2703 846 2776; x_wconf 81' lang='lat' dir='ltr'>formae,</span> <span class='ocrx_word' id='word_1_205' title='bbox 868 2720 956 2779; x_wconf 85' lang='lat' dir='ltr'>quae,</span> <span class='ocrx_word' id='word_1_206' title='bbox 979 2709 1013 2760; x_wconf 93' lang='lat' dir='ltr'>ut</span> <span class='ocrx_word' id='word_1_207' title='bbox 1032 2701 1104 2760; x_wconf 86' lang='lat' dir='ltr'>illes</span> <span class='ocrx_word' id='word_1_208' title='bbox 1125 2701 1246 2779; x_wconf 88' lang='lat' dir='ltr'>proprie</span> <span class='ocrx_word' id='word_1_209' title='bbox 1268 2699 1397 2760; x_wconf 86' lang='lat' dir='ltr'>Latinas</span> <span class='ocrx_word' id='word_1_210' title='bbox 1418 2701 1517 2761; x_wconf 88' lang='lat' dir='ltr'>dicere</span> <span class='ocrx_word' id='word_1_211' title='bbox 1537 2701 1617 2774; x_wconf 80' lang='lat' dir='ltr'>licet,</span> <span class='ocrx_word' id='word_1_212' title='bbox 1638 2723 1725 2780; x_wconf 87' lang='lat' dir='ltr'>pere·</span> 
     </span>
     <span class='ocr_line' id='line_1_22' title="bbox 387 2803 1725 2882; baseline 0.003 -20"><span class='ocrx_word' id='word_1_213' title='bbox 387 2803 491 2881; x_wconf 86' lang='lat' dir='ltr'>grinae</span> <span class='ocrx_word' id='word_1_214' title='bbox 516 2805 636 2879; x_wconf 88' lang='lat' dir='ltr'>quidem</span> <span class='ocrx_word' id='word_1_215' title='bbox 657 2805 779 2864; x_wconf 80' lang='lat' dir='ltr'>luerunt</span> <span class='ocrx_word' id='word_1_216' title='bbox 799 2805 930 2882; x_wconf 89' lang='lat' dir='ltr'>origine,</span> <span class='ocrx_word' id='word_1_217' title='bbox 957 2803 1010 2864; x_wconf 86' lang='lat' dir='ltr'>aed</span> <span class='ocrx_word' id='word_1_218' title='bbox 1033 2813 1132 2862; x_wconf 88' lang='lat' dir='ltr'>tamen</span> <span class='ocrx_word' id='word_1_219' title='bbox 1153 2803 1259 2862; x_wconf 90' lang='lat' dir='ltr'>eodem</span> <span class='ocrx_word' id='word_1_220' title='bbox 1282 2809 1374 2879; x_wconf 86' lang='lat' dir='ltr'>atque</span> <span class='ocrx_word' id='word_1_221' title='bbox 1395 2803 1466 2862; x_wconf 85' lang='lat' dir='ltr'>illae</span> <span class='ocrx_word' id='word_1_222' title='bbox 1487 2804 1552 2863; x_wconf 85' lang='lat' dir='ltr'>iure</span> <span class='ocrx_word' id='word_1_223' title='bbox 1574 2806 1725 2866; x_wconf 88' lang='lat' dir='ltr'>communi</span> 
     </span>
     <span class='ocr_line' id='line_1_23' title="bbox 389 2899 1725 2983; baseline 0.003 -20"><span class='ocrx_word' id='word_1_224' title='bbox 389 2924 444 2964; x_wconf 88' lang='lat' dir='ltr'>usu</span> <span class='ocrx_word' id='word_1_225' title='bbox 465 2914 611 2982; x_wconf 86' lang='lat' dir='ltr'>receptae.</span> <span class='ocrx_word' id='word_1_226' title='bbox 648 2907 697 2966; x_wconf 84' lang='lat' dir='ltr'>Ite</span> <span class='ocrx_word' id='word_1_227' title='bbox 710 2905 831 2966; x_wconf 85' lang='lat' dir='ltr'>Tuscae</span> <span class='ocrx_word' id='word_1_228' title='bbox 853 2907 978 2983; x_wconf 87' lang='lat' dir='ltr'>originis</span> <span class='ocrx_word' id='word_1_229' title='bbox 1000 2905 1122 2964; x_wconf 88' lang='lat' dir='ltr'>nornine</span> <span class='ocrx_word' id='word_1_230' title='bbox 1142 2905 1282 2964; x_wconf 84' lang='lat' dir='ltr'>novimus</span> <span class='ocrx_word' id='word_1_231' title='bbox 1305 2905 1336 2963; x_wconf 91' lang='lat' dir='ltr'>irr</span> <span class='ocrx_word' id='word_1_232' title='bbox 1356 2923 1427 2963; x_wconf 83' lang='lat' dir='ltr'>erno</span> <span class='ocrx_word' id='word_1_233' title='bbox 1448 2899 1543 2982; x_wconf 92' lang='lat' dir='ltr'>(qnod</span> <span class='ocrx_word' id='word_1_234' title='bbox 1558 2926 1633 2966; x_wconf 86' lang='lat' dir='ltr'>arna</span> <span class='ocrx_word' id='word_1_235' title='bbox 1648 2908 1725 2967; x_wconf 87' lang='lat' dir='ltr'>anti-</span> 
     </span>
     <span class='ocr_line' id='line_1_24' title="bbox 390 3004 1724 3086; baseline 0.003 -21"><span class='ocrx_word' id='word_1_236' title='bbox 390 3008 492 3081; x_wconf 89' lang='lat' dir='ltr'>quitus</span> <span class='ocrx_word' id='word_1_237' title='bbox 513 3007 571 3068; x_wconf 83' lang='lat' dir='ltr'>fuit</span> <span class='ocrx_word' id='word_1_238' title='bbox 592 3017 625 3068; x_wconf 90' lang='lat' dir='ltr'>ut</span> <span class='ocrx_word' id='word_1_239' title='bbox 645 3009 675 3068; x_wconf 92' lang='lat' dir='ltr'>in</span> <span class='ocrx_word' id='word_1_240' title='bbox 691 3007 862 3085; x_wconf 78' lang='lat' dir='ltr'>diastema)</span> <span class='ocrx_word' id='word_1_241' title='bbox 884 3016 915 3066; x_wconf 90' lang='lat' dir='ltr'>et</span> <span class='ocrx_word' id='word_1_242' title='bbox 936 3025 1019 3079; x_wconf 81' lang='lat' dir='ltr'>rnna,</span> <span class='ocrx_word' id='word_1_243' title='bbox 1042 3007 1134 3067; x_wconf 78' lang='lat' dir='ltr'>veluti</span> <span class='ocrx_word' id='word_1_244' title='bbox 1149 3004 1300 3084; x_wconf 81' lang='lat' dir='ltr'>Perperna</span> <span class='ocrx_word' id='word_1_245' title='bbox 1317 3006 1479 3083; x_wconf 70' lang='lat' dir='ltr'>repensa,</span> <span class='ocrx_word' id='word_1_246' title='bbox 1502 3026 1638 3086; x_wconf 89' lang='lat' dir='ltr'>quaeque</span> <span class='ocrx_word' id='word_1_247' title='bbox 1657 3027 1724 3069; x_wconf 90' lang='lat' dir='ltr'>cum</span> 
     </span>
     <span class='ocr_line' id='line_1_25' title="bbox 391 3107 1728 3186; baseline 0.004 -20"><span class='ocrx_word' id='word_1_248' title='bbox 391 3109 438 3168; x_wconf 88' lang='lat' dir='ltr'>iris</span> <span class='ocrx_word' id='word_1_249' title='bbox 460 3117 524 3170; x_wconf 88' lang='lat' dir='ltr'>erte</span> <span class='ocrx_word' id='word_1_250' title='bbox 546 3111 705 3170; x_wconf 84' lang='lat' dir='ltr'>coniuncta</span> <span class='ocrx_word' id='word_1_251' title='bbox 726 3118 796 3170; x_wconf 87' lang='lat' dir='ltr'>sunt</span> <span class='ocrx_word' id='word_1_252' title='bbox 816 3111 847 3169; x_wconf 92' lang='lat' dir='ltr'>in</span> <span class='ocrx_word' id='word_1_253' title='bbox 868 3114 920 3170; x_wconf 87' lang='lat' dir='ltr'>ina</span> <span class='ocrx_word' id='word_1_254' title='bbox 941 3123 972 3168; x_wconf 92' lang='lat' dir='ltr'>et</span> <span class='ocrx_word' id='word_1_255' title='bbox 992 3113 1072 3183; x_wconf 85' lang='lat' dir='ltr'>inno,</span> <span class='ocrx_word' id='word_1_256' title='bbox 1094 3109 1178 3168; x_wconf 85' lang='lat' dir='ltr'>reiut</span> <span class='ocrx_word' id='word_1_257' title='bbox 1202 3107 1328 3169; x_wconf 85' lang='lat' dir='ltr'>Caecina</span> <span class='ocrx_word' id='word_1_258' title='bbox 1344 3108 1509 3186; x_wconf 74' lang='lat' dir='ltr'>Spurarna3</span> <span class='ocrx_word' id='word_1_259' title='bbox 1534 3107 1675 3172; x_wconf 88' lang='lat' dir='ltr'>Umbriae</span> <span class='ocrx_word' id='word_1_260' title='bbox 1697 3119 1728 3172; x_wconf 84' lang='lat' dir='ltr'>et</span> 
     </span>
     <span class='ocr_line' id='line_1_26' title="bbox 392 3209 1726 3290; baseline 0.002 -19"><span class='ocrx_word' id='word_1_261' title='bbox 392 3209 571 3271; x_wconf 84' lang='lat' dir='ltr'>Sabinorum</span> <span class='ocrx_word' id='word_1_262' title='bbox 598 3213 722 3290; x_wconf 89' lang='lat' dir='ltr'>propria</span> <span class='ocrx_word' id='word_1_263' title='bbox 746 3221 817 3272; x_wconf 86' lang='lat' dir='ltr'>sunt</span> <span class='ocrx_word' id='word_1_264' title='bbox 842 3211 971 3271; x_wconf 84' lang='lat' dir='ltr'>formate</span> <span class='ocrx_word' id='word_1_265' title='bbox 994 3212 1025 3269; x_wconf 92' lang='lat' dir='ltr'>in</span> <span class='ocrx_word' id='word_1_266' title='bbox 1048 3229 1122 3270; x_wconf 85' lang='lat' dir='ltr'>anae</span> <span class='ocrx_word' id='word_1_267' title='bbox 1144 3227 1212 3271; x_wconf 85' lang='lat' dir='ltr'>enas</span> <span class='ocrx_word' id='word_1_268' title='bbox 1239 3209 1333 3287; x_wconf 91' lang='lat' dir='ltr'>(quod</span> <span class='ocrx_word' id='word_1_269' title='bbox 1361 3211 1526 3288; x_wconf 85' lang='lat' dir='ltr'>antiquitus</span> <span class='ocrx_word' id='word_1_270' title='bbox 1551 3211 1609 3272; x_wconf 86' lang='lat' dir='ltr'>iuit</span> <span class='ocrx_word' id='word_1_271' title='bbox 1629 3218 1726 3274; x_wconf 81' lang='lat' dir='ltr'>anatis</span> 
     </span>
     <span class='ocr_line' id='line_1_27' title="bbox 391 3312 1727 3392; baseline 0.004 -21"><span class='ocrx_word' id='word_1_272' title='bbox 391 3315 495 3389; x_wconf 75' lang='lat' dir='ltr'>enada)</span> <span class='ocrx_word' id='word_1_273' title='bbox 519 3323 548 3372; x_wconf 89' lang='lat' dir='ltr'>et</span> <span class='ocrx_word' id='word_1_274' title='bbox 568 3317 634 3373; x_wconf 82' lang='lat' dir='ltr'>inas</span> <span class='ocrx_word' id='word_1_275' title='bbox 656 3313 784 3392; x_wconf 73' lang='lat' dir='ltr'>(inam),</span> <span class='ocrx_word' id='word_1_276' title='bbox 804 3313 889 3374; x_wconf 88' lang='lat' dir='ltr'>cuius</span> <span class='ocrx_word' id='word_1_277' title='bbox 912 3313 1029 3391; x_wconf 89' lang='lat' dir='ltr'>generis</span> <span class='ocrx_word' id='word_1_278' title='bbox 1051 3312 1141 3372; x_wconf 84' lang='lat' dir='ltr'>etiam</span> <span class='ocrx_word' id='word_1_279' title='bbox 1163 3313 1345 3392; x_wconf 88' lang='lat' dir='ltr'>cognomine</span> <span class='ocrx_word' id='word_1_280' title='bbox 1365 3313 1513 3373; x_wconf 85' lang='lat' dir='ltr'>nonnulla</span> <span class='ocrx_word' id='word_1_281' title='bbox 1533 3315 1565 3374; x_wconf 90' lang='lat' dir='ltr'>in</span> <span class='ocrx_word' id='word_1_282' title='bbox 1587 3333 1644 3376; x_wconf 89' lang='lat' dir='ltr'>usu</span> <span class='ocrx_word' id='word_1_283' title='bbox 1662 3315 1727 3377; x_wconf 85' lang='lat' dir='ltr'>iue-</span> 
     </span>
     <span class='ocr_line' id='line_1_28' title="bbox 390 3412 1727 3494; baseline 0.004 -20"><span class='ocrx_word' id='word_1_284' title='bbox 390 3413 510 3492; x_wconf 73' lang='lat' dir='ltr'>runt2).</span> <span class='ocrx_word' id='word_1_285' title='bbox 544 3415 700 3476; x_wconf 81' lang='lat' dir='ltr'>Accedunt</span> <span class='ocrx_word' id='word_1_286' title='bbox 720 3419 836 3476; x_wconf 86' lang='lat' dir='ltr'>rariora</span> <span class='ocrx_word' id='word_1_287' title='bbox 856 3415 1005 3494; x_wconf 84' lang='lat' dir='ltr'>quaedam</span> <span class='ocrx_word' id='word_1_288' title='bbox 1026 3416 1058 3474; x_wconf 92' lang='lat' dir='ltr'>in</span> <span class='ocrx_word' id='word_1_289' title='bbox 1080 3433 1151 3476; x_wconf 80' lang='lat' dir='ltr'>aaut</span> <span class='ocrx_word' id='word_1_290' title='bbox 1166 3412 1298 3485; x_wconf 84' lang='lat' dir='ltr'>Galliae,</span> <span class='ocrx_word' id='word_1_291' title='bbox 1320 3416 1352 3474; x_wconf 89' lang='lat' dir='ltr'>iu</span> <span class='ocrx_word' id='word_1_292' title='bbox 1371 3418 1433 3474; x_wconf 83' lang='lat' dir='ltr'>icus</span> <span class='ocrx_word' id='word_1_293' title='bbox 1447 3415 1571 3475; x_wconf 75' lang='lat' dir='ltr'>Africae</span> <span class='ocrx_word' id='word_1_294' title='bbox 1592 3427 1623 3477; x_wconf 89' lang='lat' dir='ltr'>et</span> <span class='ocrx_word' id='word_1_295' title='bbox 1636 3416 1727 3479; x_wconf 80' lang='lat' dir='ltr'>Lusi·</span> 
     </span>
     <span class='ocr_line' id='line_1_29' title="bbox 390 3515 1523 3597; baseline 0.002 -21"><span class='ocrx_word' id='word_1_296' title='bbox 390 3519 490 3578; x_wconf 85' lang='lat' dir='ltr'>taniae</span> <span class='ocrx_word' id='word_1_297' title='bbox 510 3519 645 3597; x_wconf 88' lang='lat' dir='ltr'>proprie,</span> <span class='ocrx_word' id='word_1_298' title='bbox 667 3519 750 3578; x_wconf 87' lang='lat' dir='ltr'>velut</span> <span class='ocrx_word' id='word_1_299' title='bbox 773 3519 931 3578; x_wconf 71' lang='lat' dir='ltr'>ananan</span> <span class='ocrx_word' id='word_1_300' title='bbox 956 3519 1109 3578; x_wconf 84' lang='lat' dir='ltr'>Caturicae</span> <span class='ocrx_word' id='word_1_301' title='bbox 1130 3516 1292 3593; x_wconf 75' lang='lat' dir='ltr'>Pagasicus</span> <span class='ocrx_word' id='word_1_302' title='bbox 1315 3515 1523 3578; x_wconf 78' lang='lat' dir='ltr'>Sammonicus.</span> 
     </span>
    </p>

    <p class='ocr_par' dir='ltr' id='par_1_5' title="bbox 384 3617 1729 4616">
     <span class='ocr_line' id='line_1_30' title="bbox 473 3617 1727 3698; baseline 0.002 -20"><span class='ocrx_word' id='word_1_303' title='bbox 473 3621 574 3697; x_wconf 87' lang='lat' dir='ltr'>Atque</span> <span class='ocrx_word' id='word_1_304' title='bbox 603 3620 642 3678; x_wconf 86' lang='lat' dir='ltr'>ab</span> <span class='ocrx_word' id='word_1_305' title='bbox 669 3619 847 3698; x_wconf 88' lang='lat' dir='ltr'>oppidorum</span> <span class='ocrx_word' id='word_1_306' title='bbox 873 3619 1044 3680; x_wconf 88' lang='lat' dir='ltr'>nominibus</span> <span class='ocrx_word' id='word_1_307' title='bbox 1071 3617 1206 3678; x_wconf 83' lang='lat' dir='ltr'>derivate</span> <span class='ocrx_word' id='word_1_308' title='bbox 1230 3635 1298 3678; x_wconf 90' lang='lat' dir='ltr'>esse</span> <span class='ocrx_word' id='word_1_309' title='bbox 1324 3618 1447 3678; x_wconf 86' lang='lat' dir='ltr'>nomine</span> <span class='ocrx_word' id='word_1_310' title='bbox 1471 3619 1502 3678; x_wconf 89' lang='lat' dir='ltr'>in</span> <span class='ocrx_word' id='word_1_311' title='bbox 1524 3637 1598 3680; x_wconf 87' lang='lat' dir='ltr'>anas</span> <span class='ocrx_word' id='word_1_312' title='bbox 1625 3617 1727 3696; x_wconf 85' lang='lat' dir='ltr'>(cuius</span> 
     </span>
     <span class='ocr_line' id='line_1_31' title="bbox 391 3717 1727 3800; baseline 0.002 -21"><span class='ocrx_word' id='word_1_313' title='bbox 391 3721 488 3780; x_wconf 88' lang='lat' dir='ltr'>solum</span> <span class='ocrx_word' id='word_1_314' title='bbox 509 3723 640 3781; x_wconf 88' lang='lat' dir='ltr'>innotuit</span> <span class='ocrx_word' id='word_1_315' title='bbox 659 3722 829 3800; x_wconf 85' lang='lat' dir='ltr'>exemplum</span> <span class='ocrx_word' id='word_1_316' title='bbox 850 3722 990 3796; x_wconf 81' lang='lat' dir='ltr'>Mesenae</span> <span class='ocrx_word' id='word_1_317' title='bbox 1012 3717 1107 3780; x_wconf 88' lang='lat' dir='ltr'>Orell.</span> <span class='ocrx_word' id='word_1_318' title='bbox 1123 3719 1220 3796; x_wconf 79' lang='lat'>4080)</span> <span class='ocrx_word' id='word_1_319' title='bbox 1243 3739 1312 3779; x_wconf 88' lang='lat' dir='ltr'>enas</span> <span class='ocrx_word' id='word_1_320' title='bbox 1334 3723 1400 3780; x_wconf 88' lang='lat' dir='ltr'>ines</span> <span class='ocrx_word' id='word_1_321' title='bbox 1423 3720 1557 3798; x_wconf 80' lang='lat' dir='ltr'>(Adenae</span> <span class='ocrx_word' id='word_1_322' title='bbox 1576 3720 1727 3799; x_wconf 68' lang='lat' dir='ltr'>depressos</span> 
     </span>
     <span class='ocr_line' id='line_1_32' title="bbox 395 3817 1727 3902; baseline 0 -20"><span class='ocrx_word' id='word_1_323' title='bbox 395 3817 537 3883; x_wconf 80' lang='lat' dir='ltr'>Carrinas</span> <span class='ocrx_word' id='word_1_324' title='bbox 559 3824 696 3902; x_wconf 70' lang='lat' dir='ltr'>ll&#39;elpinas</span> <span class='ocrx_word' id='word_1_325' title='bbox 719 3825 847 3884; x_wconf 71' lang='lat' dir='ltr'>Fidenae</span> <span class='ocrx_word' id='word_1_326' title='bbox 870 3823 1012 3900; x_wconf 70' lang='lat' dir='ltr'>Ir&#39;lslpr&#39;nas</span> <span class='ocrx_word' id='word_1_327' title='bbox 1034 3821 1164 3883; x_wconf 73' lang='lat' dir='ltr'>Larinas</span> <span class='ocrx_word' id='word_1_328' title='bbox 1185 3821 1339 3882; x_wconf 80' lang='lat' dir='ltr'>Maecenas</span> <span class='ocrx_word' id='word_1_329' title='bbox 1362 3821 1502 3883; x_wconf 79' lang='lat' dir='ltr'>Sarcinas</span> <span class='ocrx_word' id='word_1_330' title='bbox 1518 3823 1653 3885; x_wconf 81' lang='lat' dir='ltr'>Sentinas</span> <span class='ocrx_word' id='word_1_331' title='bbox 1669 3822 1727 3882; x_wconf 81' lang='lat' dir='ltr'>Sa·</span> 
     </span>
     <span class='ocr_line' id='line_1_33' title="bbox 384 3923 1727 4003; baseline 0.001 -19"><span class='ocrx_word' id='word_1_332' title='bbox 384 3927 474 4001; x_wconf 76' lang='lat' dir='ltr'>senaa</span> <span class='ocrx_word' id='word_1_333' title='bbox 501 3925 626 3986; x_wconf 76' lang='lat' dir='ltr'>Sat-inat</span> <span class='ocrx_word' id='word_1_334' title='bbox 651 3923 794 4003; x_wconf 49' lang='lat' dir='ltr'>*lJsenaQ</span> <span class='ocrx_word' id='word_1_335' title='bbox 821 3925 930 4003; x_wconf 91' lang='lat' dir='ltr'>quibus</span> <span class='ocrx_word' id='word_1_336' title='bbox 957 3925 1046 3984; x_wconf 88' lang='lat' dir='ltr'>etiem</span> <span class='ocrx_word' id='word_1_337' title='bbox 1074 3923 1300 3984; x_wconf 86' lang='lat' dir='ltr'>adnumeranda</span> <span class='ocrx_word' id='word_1_338' title='bbox 1328 3935 1400 3984; x_wconf 87' lang='lat' dir='ltr'>sunt</span> <span class='ocrx_word' id='word_1_339' title='bbox 1428 3923 1535 3985; x_wconf 82' lang='lat' dir='ltr'>Antias</span> <span class='ocrx_word' id='word_1_340' title='bbox 1563 3938 1594 3985; x_wconf 90' lang='lat' dir='ltr'>et</span> <span class='ocrx_word' id='word_1_341' title='bbox 1621 3925 1727 3986; x_wconf 75' lang='lat' dir='ltr'>Maras</span> 
     </span>
     <span class='ocr_line' id='line_1_34' title="bbox 391 4025 1727 4106; baseline 0 -18"><span class='ocrx_word' id='word_1_342' title='bbox 391 4027 519 4088; x_wconf 70' lang='lat' dir='ltr'>Mnaso</span> <span class='ocrx_word' id='word_1_343' title='bbox 542 4025 793 4088; x_wconf 81' lang='lat' dir='ltr'>c.1.L.1633</span> <span class='ocrx_word' id='word_1_344' title='bbox 821 4037 853 4088; x_wconf 88' lang='lat' dir='ltr'>et</span> <span class='ocrx_word' id='word_1_345' title='bbox 870 4027 1055 4088; x_wconf 87' lang='lat' dir='ltr'>Umbrorum</span> <span class='ocrx_word' id='word_1_346' title='bbox 1080 4025 1223 4102; x_wconf 83' lang='lat' dir='ltr'>Capidas)</span> <span class='ocrx_word' id='word_1_347' title='bbox 1250 4039 1303 4086; x_wconf 88' lang='lat' dir='ltr'>aut</span> <span class='ocrx_word' id='word_1_348' title='bbox 1323 4045 1378 4104; x_wconf 92' lang='lat' dir='ltr'>per</span> <span class='ocrx_word' id='word_1_349' title='bbox 1398 4044 1431 4086; x_wconf 89' lang='lat' dir='ltr'>se</span> <span class='ocrx_word' id='word_1_350' title='bbox 1453 4035 1551 4103; x_wconf 87' lang='lat' dir='ltr'>patet,</span> <span class='ocrx_word' id='word_1_351' title='bbox 1577 4046 1645 4087; x_wconf 89' lang='lat' dir='ltr'>cum</span> <span class='ocrx_word' id='word_1_352' title='bbox 1671 4048 1727 4106; x_wconf 90' lang='lat' dir='ltr'>op·</span> 
     </span>
     <span class='ocr_line' id='line_1_35' title="bbox 391 4127 1726 4208; baseline 0.001 -20"><span class='ocrx_word' id='word_1_353' title='bbox 391 4129 463 4206; x_wconf 91' lang='lat' dir='ltr'>pida</span> <span class='ocrx_word' id='word_1_354' title='bbox 484 4129 561 4190; x_wconf 89' lang='lat' dir='ltr'>unde</span> <span class='ocrx_word' id='word_1_355' title='bbox 582 4129 756 4189; x_wconf 85' lang='lat' dir='ltr'>derivantur</span> <span class='ocrx_word' id='word_1_356' title='bbox 777 4137 850 4188; x_wconf 88' lang='lat' dir='ltr'>note</span> <span class='ocrx_word' id='word_1_357' title='bbox 870 4131 945 4192; x_wconf 79' lang='lat' dir='ltr'>sint.</span> <span class='ocrx_word' id='word_1_358' title='bbox 967 4139 1020 4188; x_wconf 89' lang='lat' dir='ltr'>eut</span> <span class='ocrx_word' id='word_1_359' title='bbox 1041 4145 1185 4204; x_wconf 84' lang='lat' dir='ltr'>perquam</span> <span class='ocrx_word' id='word_1_360' title='bbox 1208 4127 1362 4204; x_wconf 78' lang='lat' dir='ltr'>probabile</span> <span class='ocrx_word' id='word_1_361' title='bbox 1384 4137 1439 4202; x_wconf 88' lang='lat' dir='ltr'>est,</span> <span class='ocrx_word' id='word_1_362' title='bbox 1461 4130 1638 4208; x_wconf 73' lang='lat' dir='ltr'>praesertim</span> <span class='ocrx_word' id='word_1_363' title='bbox 1658 4149 1726 4190; x_wconf 88' lang='lat' dir='ltr'>curn</span> 
     </span>
     <span class='ocr_line' id='line_1_36' title="bbox 391 4229 1727 4308; baseline 0 -18"><span class='ocrx_word' id='word_1_364' title='bbox 391 4233 468 4291; x_wconf 89' lang='lat' dir='ltr'>idern</span> <span class='ocrx_word' id='word_1_365' title='bbox 489 4229 602 4291; x_wconf 88' lang='lat' dir='ltr'>indicet</span> <span class='ocrx_word' id='word_1_366' title='bbox 622 4230 769 4291; x_wconf 87' lang='lat' dir='ltr'>Varronis</span> <span class='ocrx_word' id='word_1_367' title='bbox 790 4230 995 4290; x_wconf 77' lang='lat' dir='ltr'>testimonium</span> <span class='ocrx_word' id='word_1_368' title='bbox 1017 4231 1070 4307; x_wconf 89' lang='lat' dir='ltr'>(dc</span> <span class='ocrx_word' id='word_1_369' title='bbox 1090 4230 1111 4289; x_wconf 93' lang='lat' dir='ltr'>l.</span> <span class='ocrx_word' id='word_1_370' title='bbox 1126 4229 1163 4290; x_wconf 73' lang='lat' dir='ltr'>Ia.</span> <span class='ocrx_word' id='word_1_371' title='bbox 1186 4231 1298 4290; x_wconf 74' lang='lat' dir='ltr'>dextr.</span> <span class='ocrx_word' id='word_1_372' title='bbox 1321 4233 1385 4290; x_wconf 79' lang='lat' dir='ltr'>linc</span> <span class='ocrx_word' id='word_1_373' title='bbox 1406 4249 1517 4308; x_wconf 73' lang='lat' dir='ltr'>qaoque</span> <span class='ocrx_word' id='word_1_374' title='bbox 1538 4231 1592 4289; x_wconf 87' lang='lat' dir='ltr'>illa</span> <span class='ocrx_word' id='word_1_375' title='bbox 1611 4235 1727 4291; x_wconf 83' lang='lat' dir='ltr'>nonina</span> 
     </span>
     <span class='ocr_line' id='line_1_37' title="bbox 390 4329 1729 4410; baseline 0 -18"><span class='ocrx_word' id='word_1_376' title='bbox 390 4329 504 4394; x_wconf 74' lang='lat' dir='ltr'>Lesas*</span> <span class='ocrx_word' id='word_1_377' title='bbox 529 4332 637 4408; x_wconf 78' lang='lat' dir='ltr'>Usener</span> <span class='ocrx_word' id='word_1_378' title='bbox 662 4333 803 4394; x_wconf 77' lang='lat' dir='ltr'>Carrinas</span> <span class='ocrx_word' id='word_1_379' title='bbox 827 4333 998 4404; x_wconf 77' lang='lat' dir='ltr'>Maecenat,-</span> <span class='ocrx_word' id='word_1_380' title='bbox 1026 4351 1100 4409; x_wconf 82' lang='lat' dir='ltr'>qnae</span> <span class='ocrx_word' id='word_1_381' title='bbox 1121 4351 1184 4392; x_wconf 83' lang='lat' dir='ltr'>carn</span> <span class='ocrx_word' id='word_1_382' title='bbox 1204 4343 1297 4393; x_wconf 74' lang='lat' dir='ltr'>urent</span> <span class='ocrx_word' id='word_1_383' title='bbox 1315 4334 1353 4392; x_wconf 85' lang='lat' dir='ltr'>at</span> <span class='ocrx_word' id='word_1_384' title='bbox 1370 4332 1451 4410; x_wconf 49' lang='lat' dir='ltr'>¹loco,</span> <span class='ocrx_word' id='word_1_385' title='bbox 1479 4342 1511 4392; x_wconf 86' lang='lat' dir='ltr'>at</span> <span class='ocrx_word' id='word_1_386' title='bbox 1536 4333 1676 4405; x_wconf 75' lang='lat' dir='ltr'>Urbinas,</span> <span class='ocrx_word' id='word_1_387' title='bbox 1698 4343 1729 4392; x_wconf 90' lang='lat' dir='ltr'>et</span> 
     </span>
     <span class='ocr_line' id='line_1_38' title="bbox 390 4433 1728 4513; baseline -0.001 -18"><span class='ocrx_word' id='word_1_388' title='bbox 390 4453 467 4513; x_wconf 84' lang='lat' dir='ltr'>qnae</span> <span class='ocrx_word' id='word_1_389' title='bbox 494 4436 659 4512; x_wconf 85' lang='lat' dir='ltr'>secuntur).</span> <span class='ocrx_word' id='word_1_390' title='bbox 702 4435 851 4496; x_wconf 82' lang='lat' dir='ltr'>Videntur</span> <span class='ocrx_word' id='word_1_391' title='bbox 875 4433 968 4512; x_wconf 90' lang='lat' dir='ltr'>igitur</span> <span class='ocrx_word' id='word_1_392' title='bbox 993 4433 1130 4494; x_wconf 88' lang='lat' dir='ltr'>homines</span> <span class='ocrx_word' id='word_1_393' title='bbox 1156 4453 1196 4494; x_wconf 85' lang='lat' dir='ltr'>ex</span> <span class='ocrx_word' id='word_1_394' title='bbox 1221 4435 1341 4512; x_wconf 91' lang='lat' dir='ltr'>oppidis</span> <span class='ocrx_word' id='word_1_395' title='bbox 1366 4434 1429 4494; x_wconf 90' lang='lat' dir='ltr'>illis</span> <span class='ocrx_word' id='word_1_396' title='bbox 1456 4433 1575 4494; x_wconf 87' lang='lat' dir='ltr'>oriundi</span> <span class='ocrx_word' id='word_1_397' title='bbox 1601 4435 1728 4513; x_wconf 87' lang='lat' dir='ltr'>originis</span> 
     </span>
     <span class='ocr_line' id='line_1_39' title="bbox 391 4535 1727 4616; baseline 0 -20"><span class='ocrx_word' id='word_1_398' title='bbox 391 4535 601 4597; x_wconf 88' lang='lat' dir='ltr'>indicationem</span> <span class='ocrx_word' id='word_1_399' title='bbox 623 4556 679 4616; x_wconf 90' lang='lat' dir='ltr'>pro</span> <span class='ocrx_word' id='word_1_400' title='bbox 700 4536 832 4598; x_wconf 78' lang='lat' dir='ltr'>familiae</span> <span class='ocrx_word' id='word_1_401' title='bbox 853 4536 1026 4596; x_wconf 86' lang='lat' dir='ltr'>nominoio</span> <span class='ocrx_word' id='word_1_402' title='bbox 1046 4543 1185 4616; x_wconf 87' lang='lat' dir='ltr'>posteros</span> <span class='ocrx_word' id='word_1_403' title='bbox 1199 4536 1428 4615; x_wconf 84' lang='lat' dir='ltr'>propagesiaae,</span> <span class='ocrx_word' id='word_1_404' title='bbox 1450 4537 1581 4597; x_wconf 76' lang='lat' dir='ltr'>fortune</span> <span class='ocrx_word' id='word_1_405' title='bbox 1596 4546 1630 4596; x_wconf 89' lang='lat' dir='ltr'>ut</span> <span class='ocrx_word' id='word_1_406' title='bbox 1643 4547 1727 4613; x_wconf 89' lang='lat' dir='ltr'>post·</span> 
     </span>
    </p>
   </div>
   <div class='ocr_carea' id='block_1_4' title="bbox 391 4804 1727 5332">
    <p class='ocr_par' dir='ltr' id='par_1_6' title="bbox 470 4804 1323 4870">
     <span class='ocr_line' id='line_1_40' title="bbox 470 4804 1323 4870; baseline -0.004 -13"><span class='ocrx_word' id='word_1_407' title='bbox 470 4806 493 4870; x_wconf 89' lang='lat'>¹)</span> <span class='ocrx_word' id='word_1_408' title='bbox 520 4805 589 4857; x_wconf 86' lang='lat' dir='ltr'>Vide</span> <span class='ocrx_word' id='word_1_409' title='bbox 608 4805 766 4856; x_wconf 74' lang='lat' dir='ltr'>Hommreui</span> <span class='ocrx_word' id='word_1_410' title='bbox 782 4805 882 4856; x_wconf 86' lang='lat' dir='ltr'>indices</span> <span class='ocrx_word' id='word_1_411' title='bbox 900 4805 928 4856; x_wconf 86' lang='lat' dir='ltr'>in</span> <span class='ocrx_word' id='word_1_412' title='bbox 946 4812 1045 4870; x_wconf 86' lang='lat' dir='ltr'>quaest.</span> <span class='ocrx_word' id='word_1_413' title='bbox 1065 4804 1169 4857; x_wconf 75' lang='lat' dir='ltr'>Itoni</span> <span class='ocrx_word' id='word_1_414' title='bbox 1186 4805 1323 4870; x_wconf 78' lang='lat' dir='ltr'>plotas.</span> 
     </span>
    </p>

    <p class='ocr_par' dir='ltr' id='par_1_7' title="bbox 391 4895 1727 5059">
     <span class='ocr_line' id='line_1_41' title="bbox 468 4895 1727 4964; baseline -0.001 -16"><span class='ocrx_word' id='word_1_415' title='bbox 468 4897 494 4962; x_wconf 81' lang='lat'>²)</span> <span class='ocrx_word' id='word_1_416' title='bbox 522 4897 595 4960; x_wconf 86' lang='lat' dir='ltr'>Quae</span> <span class='ocrx_word' id='word_1_417' title='bbox 614 4912 667 4949; x_wconf 87' lang='lat' dir='ltr'>non</span> <span class='ocrx_word' id='word_1_418' title='bbox 685 4898 749 4948; x_wconf 86' lang='lat' dir='ltr'>satia</span> <span class='ocrx_word' id='word_1_419' title='bbox 767 4904 887 4964; x_wconf 84' lang='lat' dir='ltr'>accurate</span> <span class='ocrx_word' id='word_1_420' title='bbox 905 4897 1024 4947; x_wconf 85' lang='lat' dir='ltr'>distinxit</span> <span class='ocrx_word' id='word_1_421' title='bbox 1042 4897 1127 4963; x_wconf 88' lang='lat' dir='ltr'>isqui</span> <span class='ocrx_word' id='word_1_422' title='bbox 1146 4911 1228 4962; x_wconf 86' lang='lat' dir='ltr'>nuper</span> <span class='ocrx_word' id='word_1_423' title='bbox 1244 4897 1271 4948; x_wconf 88' lang='lat' dir='ltr'>in</span> <span class='ocrx_word' id='word_1_424' title='bbox 1289 4895 1455 4947; x_wconf 80' lang='lat' dir='ltr'>formationis</span> <span class='ocrx_word' id='word_1_425' title='bbox 1474 4896 1528 4946; x_wconf 87' lang='lat' dir='ltr'>eius</span> <span class='ocrx_word' id='word_1_426' title='bbox 1541 4896 1642 4961; x_wconf 86' lang='lat' dir='ltr'>generis</span> <span class='ocrx_word' id='word_1_427' title='bbox 1655 4897 1727 4962; x_wconf 82' lang='lat' dir='ltr'>leges</span> 
     </span>
     <span class='ocr_line' id='line_1_42' title="bbox 391 4987 1615 5059; baseline -0.004 -16"><span class='ocrx_word' id='word_1_428' title='bbox 391 4992 525 5059; x_wconf 81' lang='lat' dir='ltr'>inquisivit</span> <span class='ocrx_word' id='word_1_429' title='bbox 542 4991 598 5043; x_wconf 80' lang='lat' dir='ltr'>Len</span> <span class='ocrx_word' id='word_1_430' title='bbox 616 4990 728 5056; x_wconf 78' lang='lat' dir='ltr'>Meyer·</span> <span class='ocrx_word' id='word_1_431' title='bbox 744 4989 930 5056; x_wconf 73' lang='lat' dir='ltr'>grammaticae</span> <span class='ocrx_word' id='word_1_432' title='bbox 949 4987 1067 5040; x_wconf 77' lang='lat' dir='ltr'>Graecae</span> <span class='ocrx_word' id='word_1_433' title='bbox 1086 4995 1113 5040; x_wconf 87' lang='lat' dir='ltr'>et</span> <span class='ocrx_word' id='word_1_434' title='bbox 1130 4988 1239 5040; x_wconf 83' lang='lat' dir='ltr'>Latinae</span> <span class='ocrx_word' id='word_1_435' title='bbox 1258 4995 1425 5054; x_wconf 84' lang='lat' dir='ltr'>comparatae</span> <span class='ocrx_word' id='word_1_436' title='bbox 1444 4989 1460 5038; x_wconf 75' lang='grc'>2</span> <span class='ocrx_word' id='word_1_437' title='bbox 1479 5002 1505 5053; x_wconf 86' lang='lat' dir='ltr'>p.</span> <span class='ocrx_word' id='word_1_438' title='bbox 1519 4988 1615 5039; x_wconf 70' lang='lat' dir='ltr'>altiss.</span> 
     </span>
    </p>

    <p class='ocr_par' dir='ltr' id='par_1_8' title="bbox 391 5080 1726 5332">
     <span class='ocr_line' id='line_1_43' title="bbox 468 5080 1726 5148; baseline -0.002 -14"><span class='ocrx_word' id='word_1_439' title='bbox 468 5081 493 5146; x_wconf 83' lang='lat'>⁸)</span> <span class='ocrx_word' id='word_1_440' title='bbox 519 5081 619 5134; x_wconf 78' lang='lat' dir='ltr'>Eorum</span> <span class='ocrx_word' id='word_1_441' title='bbox 641 5096 764 5148; x_wconf 88' lang='lat' dir='ltr'>generum</span> <span class='ocrx_word' id='word_1_442' title='bbox 779 5082 908 5147; x_wconf 17' lang='lat' dir='ltr'>*exempla</span> <span class='ocrx_word' id='word_1_443' title='bbox 925 5095 992 5148; x_wconf 89' lang='lat' dir='ltr'>quae</span> <span class='ocrx_word' id='word_1_444' title='bbox 1010 5087 1071 5132; x_wconf 86' lang='lat' dir='ltr'>aute</span> <span class='ocrx_word' id='word_1_445' title='bbox 1089 5080 1137 5131; x_wconf 78' lang='lat' dir='ltr'>hos</span> <span class='ocrx_word' id='word_1_446' title='bbox 1156 5081 1248 5146; x_wconf 77' lang='lat' dir='ltr'>viginti</span> <span class='ocrx_word' id='word_1_447' title='bbox 1267 5095 1351 5132; x_wconf 82' lang='lat' dir='ltr'>aanor</span> <span class='ocrx_word' id='word_1_448' title='bbox 1369 5081 1503 5146; x_wconf 84' lang='lat' dir='ltr'>composui</span> <span class='ocrx_word' id='word_1_449' title='bbox 1521 5080 1549 5130; x_wconf 90' lang='lat' dir='ltr'>ia</span> <span class='ocrx_word' id='word_1_450' title='bbox 1568 5080 1726 5146; x_wconf 87' lang='lat' dir='ltr'>quaestioni-</span> 
     </span>
     <span class='ocr_line' id='line_1_44' title="bbox 391 5172 1726 5243; baseline -0.002 -16"><span class='ocrx_word' id='word_1_451' title='bbox 391 5177 439 5227; x_wconf 87' lang='lat' dir='ltr'>bus</span> <span class='ocrx_word' id='word_1_452' title='bbox 458 5175 673 5241; x_wconf 86' lang='lat' dir='ltr'>orrometologicia</span> <span class='ocrx_word' id='word_1_453' title='bbox 693 5172 812 5236; x_wconf 84' lang='lat' dir='ltr'>(Borrae</span> <span class='ocrx_word' id='word_1_454' title='bbox 832 5174 904 5226; x_wconf 74' lang='lat' dir='ltr'>rtet</span> <span class='ocrx_word' id='word_1_455' title='bbox 923 5172 960 5238; x_wconf 79' lang='grc'>8.)</span> <span class='ocrx_word' id='word_1_456' title='bbox 979 5187 1032 5225; x_wconf 88' lang='lat' dir='ltr'>rrorr</span> <span class='ocrx_word' id='word_1_457' title='bbox 1050 5173 1140 5243; x_wconf 83' lang='lat' dir='ltr'>paucis</span> <span class='ocrx_word' id='word_1_458' title='bbox 1158 5173 1246 5240; x_wconf 84' lang='lat' dir='ltr'>augeri</span> <span class='ocrx_word' id='word_1_459' title='bbox 1266 5187 1334 5224; x_wconf 83' lang='lat' dir='ltr'>aare</span> <span class='ocrx_word' id='word_1_460' title='bbox 1352 5179 1461 5240; x_wconf 88' lang='lat' dir='ltr'>porruat</span> <span class='ocrx_word' id='word_1_461' title='bbox 1479 5177 1505 5222; x_wconf 84' lang='lat' dir='ltr'>at</span> <span class='ocrx_word' id='word_1_462' title='bbox 1522 5172 1551 5224; x_wconf 87' lang='lat' dir='ltr'>ia</span> <span class='ocrx_word' id='word_1_463' title='bbox 1570 5172 1726 5239; x_wconf 85' lang='lat' dir='ltr'>quibusdam</span> 
     </span>
     <span class='ocr_line' id='line_1_45' title="bbox 392 5267 869 5332; baseline -0.004 -12"><span class='ocrx_word' id='word_1_464' title='bbox 392 5267 538 5332; x_wconf 78' lang='lat' dir='ltr'>emmdari3</span> <span class='ocrx_word' id='word_1_465' title='bbox 556 5273 585 5318; x_wconf 85' lang='lat' dir='ltr'>ut</span> <span class='ocrx_word' id='word_1_466' title='bbox 603 5272 802 5320; x_wconf 69' lang='lat' dir='ltr'>maustauron</span> <span class='ocrx_word' id='word_1_467' title='bbox 821 5273 869 5318; x_wconf 86' lang='lat' dir='ltr'>eat.</span> 
     </span>
    </p>
   </div>
   <div class='ocr_carea' id='block_1_5' title="bbox 0 0 1907 5850">
    <p class='ocr_par' dir='ltr' id='par_1_9' title="bbox 0 0 1907 5850">
     <span class='ocr_line' id='line_1_46' title="bbox 0 0 1907 5850; baseline 0 0"><span class='ocrx_word' id='word_1_468' title='bbox 0 0 1907 5850; x_wconf 95' lang='lat' dir='ltr'> </span> 
     </span>
    </p>
   </div>
  </div>
 </body>
</html>
