3850 5852
402 679 626 740 Monumentum
653 676 830 752 inscriptum
858 683 971 732 amante
999 671 1158 732 consultum
1184 671 1220 730 ds
1246 671 1382 729 nundinia
1409 667 1502 729 saltus
1528 665 1659 742 Bepuen·

318 788 359 843 tis
387 787 418 842 in
445 784 587 841 territorio
615 781 735 838 tunensi
766 796 800 836 re
830 795 901 836 vere
933 793 994 836 non
1026 781 1087 834 tant
1119 775 1293 852 exemplum
1327 783 1374 832 est
1406 769 1661 836 senatusconsulti

319 905 409 964 quum
431 883 512 944 illius
533 881 675 958 exempli,
698 879 782 955 quod
802 879 902 940 Roma
922 877 954 936 in
977 877 1113 936 Africam
1135 877 1295 954 adipsum
1318 885 1351 936 ut
1374 877 1492 936 ridetur
1511 875 1661 934 Lucilium

321 988 499 1048 Africanum
528 985 653 1044 missum
683 994 729 1043 est
755 991 785 1040 et
812 991 844 1040 ut
870 980 1020 1058 publicam
1048 978 1135 1038 tidem
1158 980 1283 1038 haberet
1304 979 1345 1037 ita
1368 980 1513 1057 seriptum
1536 981 1662 1050 ligatum

322 1089 433 1168 sigillis
461 1089 597 1148 clausum
626 1086 734 1157 luerat,
768 1091 801 1141 ut
822 1085 1020 1144 instrumenta
1050 1081 1131 1160 apud
1154 1081 1307 1142 Romanos
1330 1082 1420 1141 scribi
1443 1082 1531 1158 ligari
1555 1081 1664 1160 sigillis

321 1191 419 1252 claudi
440 1191 589 1250 solebant.
633 1187 706 1246 ldeo
729 1187 815 1246 initio
837 1185 988 1245 indicatur
1013 1185 1089 1244 unde
1111 1183 1339 1260 transscriptum
1367 1185 1408 1244 sit
1429 1192 1460 1244 et
1480 1184 1511 1243 in
1534 1185 1592 1243 line
1614 1183 1665 1243 ad-

323 1295 387 1354 dita
406 1294 599 1371 reperiuntur
619 1291 805 1368 signatorum
826 1289 934 1348 civium
959 1287 1164 1346 Romanorum
1187 1287 1309 1346 nomina
1331 1297 1455 1364 septem,
1488 1287 1561 1346 olim
1583 1286 1665 1363 sigil-

324 1397 362 1456 lis
384 1397 479 1455 cereis
501 1395 531 1454 in
553 1394 703 1454 exteriore
727 1402 813 1468 parte
834 1389 969 1466 diptychi
992 1389 1140 1465 adposita.

408 1501 509 1575 Atque
537 1504 569 1554 ut
597 1493 633 1554 de
661 1505 795 1570 tempore
823 1491 951 1570 prim'urn
975 1491 1139 1562 videamus,
1173 1491 1312 1550 consules
1335 1491 1479 1552 ordinarii
1506 1493 1569 1551 noti
1598 1504 1669 1552 sunt

328 1601 398 1660 soni
424 1599 534 1678 1381».
558 1597 604 1669 0.,
638 1597 767 1674 primurn
795 1605 894 1654 tamen
925 1596 982 1654 hoe
1008 1595 1075 1652 loeo
1106 1596 1198 1670 pleno
1231 1595 1353 1656 nomine
1379 1595 1571 1671 appellantur
1599 1614 1667 1653 eunt

327 1717 484 1781 praeterea
512 1710 543 1760 et
568 1698 648 1776 apud
675 1709 812 1758 suctores
842 1709 872 1754 et
899 1698 929 1756 in
958 1697 1053 1756 titulis
1081 1697 1261 1774 cognomina
1287 1707 1404 1754 tantum
1432 1695 1611 1756 Camerinus
1639 1709 1670 1756 et

326 1805 423 1884 Niger
442 1804 644 1880 reperientur:
678 1799 826 1860 refellitur
847 1799 940 1876 igitur
962 1799 1162 1876 antiquiorum
1185 1799 1357 1858 coniectura
1379 1799 1431 1876 qui
1453 1799 1579 1860 alueum
1602 1797 1670 1860 Sul-

327 1909 425 1988 piciae
446 1908 573 1966 alterum
590 1901 749 1978 Quinctiae
771 1903 854 1979 genti
876 1901 1029 1961 consulem
1054 1901 1228 1964 tribuerunt.
1275 1899 1335 1962 Sed
1357 1919 1538 1979 quamquam
1561 1919 1670 1960 eonsu-

328 2011 391 2070 latu
413 2007 710 2070 senatusconsultum
733 2005 856 2065 secundi
879 2004 994 2064 saeculi
1016 2021 1084 2064 esse
1106 2003 1264 2076 indicatur,
1297 2004 1436 2080 equidem
1460 2004 1564 2063 titulos
1586 2005 1671 2082 ipsos

330 2114 413 2172 nullo
436 2121 523 2190 paeto
545 2109 650 2169 codem
673 2115 808 2184 tempore
830 2117 974 2166 exaratos
1002 2123 1068 2165 esse
1091 2107 1200 2180 iudico,
1231 2107 1280 2166 cui
1302 2127 1340 2167 ne
1366 2106 1598 2183 uniusquidem
1624 2107 1672 2166 lit·

330 2225 411 2275 terae
432 2213 528 2273 torma
550 2211 626 2271 satis
648 2213 797 2270 convenit.
850 2209 928 2270 Sunt
950 2209 1028 2268 enim
1052 2219 1155 2269 leuues
1178 2218 1207 2269 ct
1228 2210 1412 2286 inaequales,
1445 2210 1495 2269 hie
1515 2209 1580 2269 illic
1603 2229 1673 2269 ceu-

332 2317 533 2389 diastemate,
567 2314 691 2373 omnino
713 2312 780 2372 eius
802 2313 917 2372 formae
944 2311 1030 2372 cuins
1058 2329 1126 2370 esse
1154 2312 1254 2372 solent
1279 2313 1309 2370 in
1332 2311 1580 2390 inscriptionibus
1603 2319 1675 2389 post

334 2418 516 2479 Diocletiani
538 2415 747 2494 temporanei
769 2423 847 2476 certe
867 2422 938 2493 post
959 2413 1091 2474 medium
1113 2414 1266 2474 saeculum
1288 2415 1409 2474 tertium
1435 2415 1554 2474 incisis:
1588 2433 1674 2492 prae·

334 2523 422 2602 cipue
444 2521 610 2581 formarum

788 2649 922 2746 &meld
969 2673 1024 2732 pro
1069 2651 1214 2716 etnam

335 2845 447 2902 trustra
472 2839 578 2916 opinor
607 2838 748 2915 exempla
775 2838 887 2897 saeculi
917 2838 1037 2896 secundi
1065 2846 1256 2914 quaerentur.
1313 2838 1443 2900 Saeculo
1471 2839 1563 2918 igitur
1586 2839 1676 2900 tertio

336 2953 464 3005 exeunte
491 2942 633 3019 exempla
661 2939 917 3000 senatusconsulti
943 2948 995 2999 sut
1021 2949 1167 3001 renovata
1198 2942 1337 3002 videntur
1367 2957 1436 3000 esse
1469 2951 1522 3001 aut
1554 2942 1677 3002 omnino

336 3047 465 3126 primum
488 3043 609 3121 publice
630 3043 795 3120 proposita.
852 3041 950 3118 Quum
973 3050 1111 3104 accur-nte
1140 3053 1239 3104 autern
1269 3043 1480 3122 quadratarius
1503 3045 1677 3121 exemplum

336 3149 492 3224 antiquum
514 3145 701 3222 expresserit
723 3146 940 3224 orthographia
962 3165 1110 3224 nusquam
1132 3163 1275 3224 corrupta
1293 3147 1440 3219 ostendit3
1462 3149 1537 3224 quin
1553 3149 1583 3206 in
1599 3167 1678 3206 oom-

337 3250 456 3330 psndiis
480 3249 649 3326 scripturae
673 3249 705 3308 in
727 3247 866 3307 kalendis
887 3248 1055 3308 indicandis
1076 3257 1226 3310 vetustum
1250 3269 1336 3318 usum
1358 3249 1512 3326 sequitur,
1539 3269 1606 3310 eum
1634 3251 1678 3326 ip·

339 3353 404 3413 aius
427 3359 525 3412 aetate
547 3369 667 3426 semper
688 3367 744 3408 rest
767 3351 949 3410 scriberetur
972 3371 1026 3428 pro
1049 3370 1067 3410 κ
1094 3353 1159 3412 acui
1183 3351 1327 3425 melioris,
1360 3369 1415 3411 nec
1437 3353 1496 3412 nisi
1517 3354 1549 3412 iu
1572 3371 1679 3412 consu·

338 3457 403 3516 latu
425 3453 561 3532 peccarit
582 3453 634 3512 ubi
657 3467 717 3512 cos
733 3453 763 3512 in
777 3469 853 3514 coss
875 3455 1012 3526 mutavit,
1036 3455 1115 3532 quod
1138 3463 1208 3514 ante
1230 3455 1383 3515 saeculum
1406 3457 1525 3516 tertium
1548 3455 1678 3516 medium

341 3575 401 3618 oon
423 3555 583 3616 invenitur.

426 3657 576 3720 Consules
598 3657 717 3718 suffecti
738 3659 801 3718 noti
823 3665 904 3718 sunt.
947 3659 1034 3717 Alter
1056 3659 1089 3718 P.
1117 3657 1237 3720 Cassius
1261 3659 1410 3720 Secundus
1432 3667 1682 3721 commemoretur

343 3764 372 3822 in
395 3763 483 3820 titulo
505 3757 780 3838 Lambaesitano¹)
802 3761 975 3840 imperatori
992 3759 1148 3820 Hadriano
1171 3781 1189 3821 a
1211 3761 1357 3822 militibus
1380 3764 1530 3841 stipendia
1550 3764 1682 3824 emeritis

341 3866 453 3934 dicato,
486 3863 516 3920 in
544 3880 604 3938 quo
631 3861 742 3923 dicitur
766 3863 885 3942 legatus
911 3865 1040 3943 Augusti
1067 3885 1122 3942 pro
1149 3875 1302 3944 praetore,
1335 3866 1451 3925 seilicet
1477 3865 1605 3944 legionis
1634 3863 1682 3925 ΙΙΙ

344 3970 500 4046 Augustae
523 3965 553 4024 in
568 3963 713 4026 Numidia
734 3976 836 4027 castra
857 3967 1009 4041 habentis;
1033 3986 1149 4043 exque
1167 3967 1316 4044 legatione
1338 3987 1405 4027 cunr
1428 3969 1530 4028 statim
1552 3969 1591 4028 ad
1613 3987 1683 4028 cou-

344 4069 475 4130 sulatum
503 4067 629 4145 provebi
657 4068 739 4128 soliti
768 4069 843 4144 aiut,
876 4067 1034 4130 Secundus
1063 4090 1099 4130 eu
1124 4071 1283 4146 postremis
1315 4071 1507 4149 imperatoris
1535 4053 1683 4130 Hadriani

343 4171 431 4232 annis
453 4169 573 4230 functus
595 4169 813 4232 videturesse.
858 4172 990 4234 Alterius
1013 4173 1064 4251 qui
1085 4173 1172 4232 initio
1194 4183 1318 4233 senatus
1340 4173 1472 4233 cotrsulti
1494 4183 1631 4234 tucatur:

432 4271 463 4332 P.
491 4271 635 4349 Delphica
661 4272 835 4349 Pereqrt'nus
869 4275 972 4335 Ateius
1008 4275 1147 4335 Alcaniut
1181 4275 1329 4334 Maximus
1359 4273 1477 4336 Curtius
1510 4273 1685 4336 Valerianus

345 4377 488 4436 Proculus
512 4373 554 4434 M.
578 4373 693 4436 *tourins
716 4375 882 4451 Mucianus,
916 4378 946 4438 in
968 4379 1027 4438 fine
1050 4375 1227 4456 simpliciter
1248 4375 1293 4436 tt.
1316 4377 1430 4439 Noniae
1453 4377 1610 4440 Mucianus
1631 4397 1686 4438 no·

345 4481 445 4540 vimus
472 4476 593 4536 titulum
622 4485 691 4536 ante
718 4479 909 4540 consulatum
931 4481 959 4540 ci
980 4501 1000 4540 a
1020 4479 1247 4566 Verqnensibus
1269 4479 1478 4557 dedicatumi)
1504 4481 1534 4540 in
1557 4499 1618 4560 quo
1641 4481 1686 4540 Μ.

347 4583 461 4642 Nouius
490 4579 536 4638 M.
558 4581 586 4654 s.
611 4581 680 4639 Poe.
703 4581 861 4642 Mucianus
884 4583 918 4642 P.
940 4582 1085 4660 Delphina
1111 4583 1286 4659 Pereqrt'nus
1313 4584 1485 4664 appellatur
1517 4593 1547 4644 et
1579 4585 1687 4644 deinde

347 4686 479 4745 honores
509 4683 545 4740 ab
573 4701 608 4742 eo
635 4683 713 4760 gesti
739 4685 932 4747 exhibentur:
966 4687 996 4746 iu
1027 4694 1221 4747 monumento
1248 4703 1284 4745 eo
1314 4687 1351 4747 de
1378 4703 1439 4766 quo
1468 4688 1602 4768 agimus,
1637 4687 1688 4747 ubi

348 4869 553 4884 nan—n*—

428 4997 451 5061 ¹)
480 4995 584 5057 lienter,
604 4995 710 5048 liecueil
729 5015 756 5050 u.
778 5001 803 5051 1.

428 5102 453 5169 a)
482 5106 562 5173 corp,
582 5088 616 5140 V.
636 5101 660 5145 n:
682 5089 764 5144 3343.
