<?xml version="1.0" encoding="UTF-8"?>
<!DOCTYPE html PUBLIC "-//W3C//DTD XHTML 1.0 Transitional//EN"
    "http://www.w3.org/TR/xhtml1/DTD/xhtml1-transitional.dtd">
<html xmlns="http://www.w3.org/1999/xhtml" xml:lang="en" lang="en">
 <head>
  <title>
</title>
<meta http-equiv="Content-Type" content="text/html;charset=utf-8" />
  <meta name='ocr-system' content='tesseract 3.04.00' />
  <meta name='ocr-capabilities' content='ocr_page ocr_carea ocr_par ocr_line ocrx_word'/>
</head>
<body>
  <div class='ocr_page' id='page_1' title='image "./ephemerisepigra08instgoog_0098.png"; bbox 0 0 3848 5850; ppageno 0'>
   <div class='ocr_carea' id='block_1_1' title="bbox 628 570 1524 652">
    <p class='ocr_par' dir='ltr' id='par_1_1' title="bbox 628 570 1524 652">
     <span class='ocr_line' id='line_1_1' title="bbox 628 570 1524 652; baseline 0.003 -10"><span class='ocrx_word' id='word_1_1' title='bbox 628 589 787 652; x_wconf 68' lang='lat' dir='ltr'><strong>ornnem</strong></span> <span class='ocrx_word' id='word_1_2' title='bbox 810 589 1030 644; x_wconf 79' lang='lat' dir='ltr'><strong>ottounron.</strong></span> <span class='ocrx_word' id='word_1_3' title='bbox 1050 591 1077 642; x_wconf 86' lang='grc' dir='ltr'><strong>ι.</strong></span> <span class='ocrx_word' id='word_1_4' title='bbox 1477 570 1524 645; x_wconf 82' lang='grc'><strong>91</strong></span> 
     </span>
    </p>
   </div>
   <div class='ocr_carea' id='block_1_2' title="bbox 236 763 1536 1950">
    <p class='ocr_par' dir='ltr' id='par_1_2' title="bbox 236 763 1536 1950">
     <span class='ocr_line' id='line_1_2' title="bbox 334 763 1535 842; baseline 0.002 -19"><span class='ocrx_word' id='word_1_5' title='bbox 334 765 415 840; x_wconf 76' lang='lat' dir='ltr'><strong>inpia</strong></span> <span class='ocrx_word' id='word_1_6' title='bbox 435 783 494 824; x_wconf 84' lang='lat' dir='ltr'><strong>nen</strong></span> <span class='ocrx_word' id='word_1_7' title='bbox 514 775 572 825; x_wconf 85' lang='lat' dir='ltr'><strong>eat:</strong></span> <span class='ocrx_word' id='word_1_8' title='bbox 594 765 671 840; x_wconf 81' lang='lat' dir='ltr'><strong>qued</strong></span> <span class='ocrx_word' id='word_1_9' title='bbox 691 763 747 822; x_wconf 79' lang='lat' dir='ltr'><strong>alti</strong></span> <span class='ocrx_word' id='word_1_10' title='bbox 767 768 884 823; x_wconf 81' lang='lat' dir='ltr'><strong>nomino</strong></span> <span class='ocrx_word' id='word_1_11' title='bbox 902 765 1005 824; x_wconf 77' lang='lat' dir='ltr'><strong>babent</strong></span> <span class='ocrx_word' id='word_1_12' title='bbox 1019 764 1057 824; x_wconf 82' lang='lat' dir='ltr'><strong>ab</strong></span> <span class='ocrx_word' id='word_1_13' title='bbox 1072 766 1200 842; x_wconf 75' lang='lat' dir='ltr'><strong>oppidis,</strong></span> <span class='ocrx_word' id='word_1_14' title='bbox 1223 767 1279 824; x_wconf 79' lang='lat' dir='ltr'><strong>olii</strong></span> <span class='ocrx_word' id='word_1_15' title='bbox 1292 773 1415 825; x_wconf 79' lang='lat' dir='ltr'><strong>autnon</strong></span> <span class='ocrx_word' id='word_1_16' title='bbox 1430 763 1535 826; x_wconf 83' lang='lat' dir='ltr'><strong>babent</strong></span> 
     </span>
     <span class='ocr_line' id='line_1_3' title="bbox 334 865 1534 946; baseline 0 -20"><span class='ocrx_word' id='word_1_17' title='bbox 334 878 464 927; x_wconf 77' lang='lat' dir='ltr'><strong>autnon</strong></span> <span class='ocrx_word' id='word_1_18' title='bbox 483 879 518 926; x_wconf 81' lang='lat' dir='ltr'><strong>nt</strong></span> <span class='ocrx_word' id='word_1_19' title='bbox 536 867 636 927; x_wconf 71' lang='lat' dir='ltr'><strong>dabam</strong></span> <span class='ocrx_word' id='word_1_20' title='bbox 655 867 767 926; x_wconf 82' lang='lat' dir='ltr'><strong>babent.</strong></span> <span class='ocrx_word' id='word_1_21' title='bbox 801 865 919 926; x_wconf 78' lang='lat' dir='ltr'><em>Habent</em></span> <span class='ocrx_word' id='word_1_22' title='bbox 937 868 1068 944; x_wconf 73' lang='lat' dir='ltr'><strong>plerique</strong></span> <span class='ocrx_word' id='word_1_23' title='bbox 1090 865 1215 926; x_wconf 75' lang='lat' dir='ltr'><strong>libertini</strong></span> <span class='ocrx_word' id='word_1_24' title='bbox 1236 886 1256 927; x_wconf 85' lang='lat' dir='ltr'><strong>a</strong></span> <span class='ocrx_word' id='word_1_25' title='bbox 1277 871 1433 946; x_wconf 77' lang='lat' dir='ltr'><strong>manricipio</strong></span> <span class='ocrx_word' id='word_1_26' title='bbox 1447 885 1534 928; x_wconf 71' lang='lat' dir='ltr'><strong>nnana</strong></span> 
     </span>
     <span class='ocr_line' id='line_1_4' title="bbox 333 970 1533 1046; baseline 0.001 -19"><span class='ocrx_word' id='word_1_27' title='bbox 333 973 433 1038; x_wconf 78' lang='lat' dir='ltr'><strong>mirri,-</strong></span> <span class='ocrx_word' id='word_1_28' title='bbox 457 973 489 1028; x_wconf 82' lang='lat' dir='ltr'><strong>in</strong></span> <span class='ocrx_word' id='word_1_29' title='bbox 515 987 571 1046; x_wconf 78' lang='lat' dir='ltr'><strong>qno</strong></span> <span class='ocrx_word' id='word_1_30' title='bbox 597 979 629 1029; x_wconf 79' lang='lat' dir='ltr'><strong>ut</strong></span> <span class='ocrx_word' id='word_1_31' title='bbox 654 971 821 1030; x_wconf 83' lang='lat' dir='ltr'><strong>rocietotum</strong></span> <span class='ocrx_word' id='word_1_32' title='bbox 848 979 874 1028; x_wconf 86' lang='lat' dir='ltr'><strong>et</strong></span> <span class='ocrx_word' id='word_1_33' title='bbox 892 970 1035 1044; x_wconf 76' lang='lat' dir='ltr'><strong>senonens</strong></span> <span class='ocrx_word' id='word_1_34' title='bbox 1056 971 1134 1028; x_wconf 81' lang='lat' dir='ltr'><strong>esrai</strong></span> <span class='ocrx_word' id='word_1_35' title='bbox 1153 984 1213 1026; x_wconf 83' lang='lat' dir='ltr'><strong>non</strong></span> <span class='ocrx_word' id='word_1_36' title='bbox 1233 975 1388 1028; x_wconf 71' lang='lat' dir='ltr'><strong>amarem</strong></span> <span class='ocrx_word' id='word_1_37' title='bbox 1406 986 1533 1046; x_wconf 84' lang='lat' dir='ltr'><strong>propor-</strong></span> 
     </span>
     <span class='ocr_line' id='line_1_5' title="bbox 334 1064 1534 1148; baseline 0.001 -20"><span class='ocrx_word' id='word_1_38' title='bbox 334 1074 438 1131; x_wconf 80' lang='lat' dir='ltr'><strong>tionnn</strong></span> <span class='ocrx_word' id='word_1_39' title='bbox 461 1064 650 1148; x_wconf 76' lang='lat' dir='ltr'><strong>rationetn³).</strong></span> <span class='ocrx_word' id='word_1_40' title='bbox 694 1069 953 1130; x_wconf 65' lang='lat' dir='ltr'><strong>armenorum</strong></span> <span class='ocrx_word' id='word_1_41' title='bbox 979 1069 1077 1130; x_wconf 80' lang='lat' dir='ltr'><strong>liberti</strong></span> <span class='ocrx_word' id='word_1_42' title='bbox 1100 1069 1256 1128; x_wconf 79' lang='lat' dir='ltr'><strong>debuerunt</strong></span> <span class='ocrx_word' id='word_1_43' title='bbox 1277 1071 1353 1142; x_wconf 83' lang='lat' dir='ltr'><strong>dici,</strong></span> <span class='ocrx_word' id='word_1_44' title='bbox 1379 1083 1411 1130; x_wconf 85' lang='lat' dir='ltr'><strong>nt</strong></span> <span class='ocrx_word' id='word_1_45' title='bbox 1431 1089 1452 1129; x_wconf 84' lang='lat' dir='ltr'><strong>o</strong></span> <span class='ocrx_word' id='word_1_46' title='bbox 1476 1069 1534 1130; x_wconf 82' lang='lat' dir='ltr'><strong>Fo-</strong></span> 
     </span>
     <span class='ocr_line' id='line_1_6' title="bbox 333 1160 1533 1247; baseline -0.002 -15"><span class='ocrx_word' id='word_1_47' title='bbox 333 1173 432 1233; x_wconf 71' lang='lat' dir='ltr'><strong>maa</strong></span> <span class='ocrx_word' id='word_1_48' title='bbox 459 1171 653 1244; x_wconf 64' lang='lat' dir='ltr'><strong>stamma,</strong></span> <span class='ocrx_word' id='word_1_49' title='bbox 681 1190 702 1231; x_wconf 85' lang='lat' dir='ltr'><strong>a</strong></span> <span class='ocrx_word' id='word_1_50' title='bbox 726 1171 818 1230; x_wconf 83' lang='lat' dir='ltr'><strong>Reate</strong></span> <span class='ocrx_word' id='word_1_51' title='bbox 838 1160 998 1242; x_wconf 57' lang='lat' dir='ltr'><strong>nentrum</strong></span> <span class='ocrx_word' id='word_1_52' title='bbox 1021 1175 1065 1230; x_wconf 86' lang='lat' dir='ltr'><strong>eie</strong></span> <span class='ocrx_word' id='word_1_53' title='bbox 1091 1189 1111 1230; x_wconf 85' lang='grc' dir='ltr'><em>α</em></span> <span class='ocrx_word' id='word_1_54' title='bbox 1133 1171 1227 1230; x_wconf 76' lang='lat' dir='ltr'><strong>noea</strong></span> <span class='ocrx_word' id='word_1_55' title='bbox 1249 1173 1407 1232; x_wconf 73' lang='lat' dir='ltr'><strong>Romaene.</strong></span> <span class='ocrx_word' id='word_1_56' title='bbox 1451 1171 1533 1247; x_wconf 64' lang='lat' dir='ltr'><strong>Ati)</strong></span> 
     </span>
     <span class='ocr_line' id='line_1_7' title="bbox 332 1272 1535 1350; baseline -0.002 -16"><span class='ocrx_word' id='word_1_57' title='bbox 332 1278 520 1334; x_wconf 68' lang='lat' dir='ltr'><strong>minuitur</strong></span> <span class='ocrx_word' id='word_1_58' title='bbox 545 1273 674 1335; x_wconf 62' lang='lat' dir='ltr'><strong>&amp;bubni-</strong></span> <span class='ocrx_word' id='word_1_59' title='bbox 696 1279 752 1333; x_wconf 79' lang='lat' dir='ltr'><strong>orn</strong></span> <span class='ocrx_word' id='word_1_60' title='bbox 779 1293 799 1332; x_wconf 85' lang='lat' dir='ltr'><strong>o</strong></span> <span class='ocrx_word' id='word_1_61' title='bbox 821 1273 950 1349; x_wconf 76' lang='lat' dir='ltr'><strong>publicio</strong></span> <span class='ocrx_word' id='word_1_62' title='bbox 977 1272 1109 1348; x_wconf 51' lang='lat' dir='ltr'><strong>enulfi)</strong></span> <span class='ocrx_word' id='word_1_63' title='bbox 1131 1273 1349 1350; x_wconf 62' lang='lat' dir='ltr'><strong>Romanw),</strong></span> <span class='ocrx_word' id='word_1_64' title='bbox 1375 1275 1427 1350; x_wconf 79' lang='lat' dir='ltr'><strong>qni</strong></span> <span class='ocrx_word' id='word_1_65' title='bbox 1446 1291 1535 1334; x_wconf 75' lang='lat' dir='ltr'><strong>erana</strong></span> 
     </span>
     <span class='ocr_line' id='line_1_8' title="bbox 334 1373 1536 1454; baseline 0 -18"><span class='ocrx_word' id='word_1_66' title='bbox 334 1378 418 1436; x_wconf 80' lang='lat' dir='ltr'><strong>mirri</strong></span> <span class='ocrx_word' id='word_1_67' title='bbox 438 1384 506 1438; x_wconf 78' lang='lat' dir='ltr'><strong>orte</strong></span> <span class='ocrx_word' id='word_1_68' title='bbox 525 1393 614 1454; x_wconf 60' lang='lat' dir='ltr'><strong>mon</strong></span> <span class='ocrx_word' id='word_1_69' title='bbox 633 1373 687 1434; x_wconf 84' lang='lat' dir='ltr'><strong>rub</strong></span> <span class='ocrx_word' id='word_1_70' title='bbox 708 1378 897 1450; x_wconf 63' lang='lat' dir='ltr'><strong>maecenates</strong></span> <span class='ocrx_word' id='word_1_71' title='bbox 919 1379 1032 1434; x_wconf 79' lang='lat' dir='ltr'><strong>nonina</strong></span> <span class='ocrx_word' id='word_1_72' title='bbox 1060 1377 1112 1450; x_wconf 81' lang='lat' dir='ltr'><strong>qui</strong></span> <span class='ocrx_word' id='word_1_73' title='bbox 1138 1391 1185 1435; x_wconf 84' lang='lat' dir='ltr'><strong>cor</strong></span> <span class='ocrx_word' id='word_1_74' title='bbox 1214 1373 1366 1434; x_wconf 72' lang='lat' dir='ltr'><strong><em>liberarint</em></strong></span> <span class='ocrx_word' id='word_1_75' title='bbox 1384 1378 1536 1436; x_wconf 77' lang='lat' dir='ltr'><strong>succedere</strong></span> 
     </span>
     <span class='ocr_line' id='line_1_9' title="bbox 335 1472 1491 1556; baseline -0.003 -19"><span class='ocrx_word' id='word_1_76' title='bbox 335 1479 488 1556; x_wconf 73' lang='lat' dir='ltr'><strong>coeperint.</strong></span> <span class='ocrx_word' id='word_1_77' title='bbox 530 1476 611 1537; x_wconf 83' lang='lat' dir='ltr'><strong>Hine</strong></span> <span class='ocrx_word' id='word_1_78' title='bbox 631 1493 744 1554; x_wconf 78' lang='lat' dir='ltr'><strong>quoquc</strong></span> <span class='ocrx_word' id='word_1_79' title='bbox 763 1480 882 1536; x_wconf 82' lang='lat' dir='ltr'><strong>nomino</strong></span> <span class='ocrx_word' id='word_1_80' title='bbox 903 1477 959 1534; x_wconf 85' lang='lat' dir='ltr'><strong>iiio</strong></span> <span class='ocrx_word' id='word_1_81' title='bbox 980 1472 1092 1537; x_wconf 75' lang='lat' dir='ltr'><strong>&#39;Letoa</strong></span> <span class='ocrx_word' id='word_1_82' title='bbox 1114 1495 1140 1534; x_wconf 90' lang='lat' dir='ltr'><strong>e.</strong></span> <span class='ocrx_word' id='word_1_83' title='bbox 1157 1495 1187 1552; x_wconf 90' lang='lat' dir='ltr'><strong>q.</strong></span> <span class='ocrx_word' id='word_1_84' title='bbox 1202 1491 1227 1535; x_wconf 87' lang='lat' dir='ltr'><strong>s.</strong></span> <span class='ocrx_word' id='word_1_85' title='bbox 1250 1476 1359 1555; x_wconf 85' lang='lat' dir='ltr'><strong>(supra</strong></span> <span class='ocrx_word' id='word_1_86' title='bbox 1382 1495 1411 1552; x_wconf 88' lang='lat' dir='ltr'><strong>p.</strong></span> <span class='ocrx_word' id='word_1_87' title='bbox 1427 1477 1491 1553; x_wconf 75' lang='lat'>26).</span> 
     </span>
     <span class='ocr_line' id='line_1_10' title="bbox 239 1601 1536 1675; baseline -0.002 -15"><span class='ocrx_word' id='word_1_88' title='bbox 239 1606 264 1673; x_wconf 84' lang='grc' dir='ltr'><strong>ι)</strong></span> <span class='ocrx_word' id='word_1_89' title='bbox 288 1603 344 1660; x_wconf 76' lang='lat' dir='ltr'><strong>diet</strong></span> <span class='ocrx_word' id='word_1_90' title='bbox 360 1613 387 1659; x_wconf 79' lang='lat' dir='ltr'><strong>at</strong></span> <span class='ocrx_word' id='word_1_91' title='bbox 403 1607 490 1674; x_wconf 60' lang='lat' dir='ltr'><strong>Fiam</strong></span> <span class='ocrx_word' id='word_1_92' title='bbox 514 1603 571 1658; x_wconf 81' lang='lat' dir='ltr'><strong>dici</strong></span> <span class='ocrx_word' id='word_1_93' title='bbox 588 1603 661 1658; x_wconf 78' lang='lat' dir='ltr'><strong>debet</strong></span> <span class='ocrx_word' id='word_1_94' title='bbox 683 1607 821 1674; x_wconf 84' lang='lat' dir='ltr'><strong>proposuit</strong></span> <span class='ocrx_word' id='word_1_95' title='bbox 842 1605 1006 1670; x_wconf 80' lang='lat' dir='ltr'><strong>Spengelius.</strong></span> <span class='ocrx_word' id='word_1_96' title='bbox 1102 1601 1129 1666; x_wconf 81' lang='lat'><strong>¹)</strong></span> <span class='ocrx_word' id='word_1_97' title='bbox 1153 1611 1182 1656; x_wconf 81' lang='lat' dir='ltr'><strong>at</strong></span> <span class='ocrx_word' id='word_1_98' title='bbox 1200 1603 1285 1670; x_wconf 80' lang='lat' dir='ltr'><strong>Flor.;</strong></span> <span class='ocrx_word' id='word_1_99' title='bbox 1309 1606 1379 1673; x_wconf 73' lang='lat' dir='ltr'><strong>paor!</strong></span> <span class='ocrx_word' id='word_1_100' title='bbox 1396 1605 1536 1675; x_wconf 71' lang='lat' dir='ltr'><strong>Scioppius</strong></span> 
     </span>
     <span class='ocr_line' id='line_1_11' title="bbox 236 1695 1536 1768; baseline -0.002 -17"><span class='ocrx_word' id='word_1_101' title='bbox 236 1697 380 1768; x_wconf 80' lang='lat' dir='ltr'><strong>Spengcllo</strong></span> <span class='ocrx_word' id='word_1_102' title='bbox 399 1698 539 1765; x_wconf 78' lang='lat' dir='ltr'><strong>probantc3</strong></span> <span class='ocrx_word' id='word_1_103' title='bbox 558 1698 688 1750; x_wconf 73' lang='lat' dir='ltr'><strong>Millerus</strong></span> <span class='ocrx_word' id='word_1_104' title='bbox 706 1698 828 1750; x_wconf 83' lang='lat' dir='ltr'><strong>lacunam</strong></span> <span class='ocrx_word' id='word_1_105' title='bbox 847 1699 939 1752; x_wconf 79' lang='lat' dir='ltr'><strong>statuit</strong></span> <span class='ocrx_word' id='word_1_106' title='bbox 956 1703 983 1748; x_wconf 85' lang='lat' dir='ltr'><strong>et</strong></span> <span class='ocrx_word' id='word_1_107' title='bbox 1001 1697 1083 1750; x_wconf 78' lang='lat' dir='ltr'><strong>molta</strong></span> <span class='ocrx_word' id='word_1_108' title='bbox 1101 1697 1224 1748; x_wconf 74' lang='lat' dir='ltr'><strong>urbane.</strong></span> <span class='ocrx_word' id='word_1_109' title='bbox 1321 1695 1347 1760; x_wconf 74' lang='grc'><strong>1&gt;</strong></span> <span class='ocrx_word' id='word_1_110' title='bbox 1367 1699 1536 1766; x_wconf 68' lang='lat' dir='ltr'><strong>proportione</strong></span> 
     </span>
     <span class='ocr_line' id='line_1_12' title="bbox 236 1787 1536 1858; baseline 0 -17"><span class='ocrx_word' id='word_1_111' title='bbox 236 1793 359 1842; x_wconf 63' lang='lat' dir='ltr'><strong>ratum</strong></span> <span class='ocrx_word' id='word_1_112' title='bbox 378 1791 548 1858; x_wconf 80' lang='lat' dir='ltr'><strong>Spengcllua,</strong></span> <span class='ocrx_word' id='word_1_113' title='bbox 569 1789 761 1858; x_wconf 71' lang='lat' dir='ltr'><strong>proportionem</strong></span> <span class='ocrx_word' id='word_1_114' title='bbox 786 1797 811 1840; x_wconf 84' lang='lat' dir='ltr'><strong>rt</strong></span> <span class='ocrx_word' id='word_1_115' title='bbox 833 1789 956 1840; x_wconf 72' lang='lat' dir='ltr'><strong>rectem</strong></span> <span class='ocrx_word' id='word_1_116' title='bbox 975 1787 1053 1854; x_wconf 81' lang='lat' dir='ltr'><strong>vulgo</strong></span> <span class='ocrx_word' id='word_1_117' title='bbox 1073 1787 1202 1841; x_wconf 70' lang='lat' dir='ltr'><strong>scribitur.</strong></span> <span class='ocrx_word' id='word_1_118' title='bbox 1242 1789 1399 1854; x_wconf 74' lang='lat' dir='ltr'><strong>Asyudetou</strong></span> <span class='ocrx_word' id='word_1_119' title='bbox 1418 1791 1536 1856; x_wconf 80' lang='lat' dir='ltr'><strong>quamvis</strong></span> 
     </span>
     <span class='ocr_line' id='line_1_13' title="bbox 238 1878 1535 1950; baseline -0.001 -18"><span class='ocrx_word' id='word_1_120' title='bbox 238 1883 330 1934; x_wconf 75' lang='lat' dir='ltr'><strong>duntur</strong></span> <span class='ocrx_word' id='word_1_121' title='bbox 356 1883 460 1934; x_wconf 76' lang='lat' dir='ltr'><strong>ridetur</strong></span> <span class='ocrx_word' id='word_1_122' title='bbox 481 1884 589 1934; x_wconf 83' lang='lat' dir='ltr'><strong>tolerari</strong></span> <span class='ocrx_word' id='word_1_123' title='bbox 612 1896 703 1948; x_wconf 84' lang='lat' dir='ltr'><strong>posse,</strong></span> <span class='ocrx_word' id='word_1_124' title='bbox 730 1882 780 1934; x_wconf 83' lang='lat' dir='ltr'><strong>nial</strong></span> <span class='ocrx_word' id='word_1_125' title='bbox 800 1881 991 1950; x_wconf 83' lang='lat' dir='ltr'><strong>proportionem</strong></span> <span class='ocrx_word' id='word_1_126' title='bbox 1012 1882 1099 1935; x_wconf 86' lang='lat' dir='ltr'><strong>detera</strong></span> <span class='ocrx_word' id='word_1_127' title='bbox 1119 1881 1202 1932; x_wconf 77' lang='lat' dir='ltr'><strong>malb.</strong></span> <span class='ocrx_word' id='word_1_128' title='bbox 1300 1878 1325 1942; x_wconf 80' lang='lat'><strong>‘)</strong></span> <span class='ocrx_word' id='word_1_129' title='bbox 1352 1889 1380 1932; x_wconf 86' lang='lat' dir='ltr'><strong>rt</strong></span> <span class='ocrx_word' id='word_1_130' title='bbox 1397 1880 1483 1944; x_wconf 50' lang='lat' dir='ltr'><strong>Flore</strong></span> <span class='ocrx_word' id='word_1_131' title='bbox 1508 1889 1535 1932; x_wconf 82' lang='lat' dir='ltr'><strong>ot</strong></span> 
     </span>
    </p>
   </div>
   <div class='ocr_carea' id='block_1_3' title="bbox 237 1970 1536 2132">
    <p class='ocr_par' dir='ltr' id='par_1_3' title="bbox 237 1970 1536 2132">
     <span class='ocr_line' id='line_1_14' title="bbox 237 1970 1536 2041; baseline -0.002 -15"><span class='ocrx_word' id='word_1_132' title='bbox 237 1977 373 2026; x_wconf 66' lang='lat' dir='ltr'><strong>littteras</strong></span> <span class='ocrx_word' id='word_1_133' title='bbox 461 1972 485 2038; x_wconf 77' lang='lat'><strong>⁸)</strong></span> <span class='ocrx_word' id='word_1_134' title='bbox 506 1992 524 2025; x_wconf 85' lang='lat' dir='ltr'><strong>o</strong></span> <span class='ocrx_word' id='word_1_135' title='bbox 543 1971 669 2026; x_wconf 73' lang='lat' dir='ltr'><strong>libertinis</strong></span> <span class='ocrx_word' id='word_1_136' title='bbox 687 1973 741 2026; x_wconf 82' lang='lat' dir='ltr'><strong>orti</strong></span> <span class='ocrx_word' id='word_1_137' title='bbox 756 1971 869 2041; x_wconf 77' lang='lat' dir='ltr'><strong>publicis</strong></span> <span class='ocrx_word' id='word_1_138' title='bbox 887 1973 969 2026; x_wconf 64' lang='lat' dir='ltr'><strong>arria</strong></span> <span class='ocrx_word' id='word_1_139' title='bbox 981 1973 1068 2036; x_wconf 82' lang='lat' dir='ltr'><strong>Flor.;</strong></span> <span class='ocrx_word' id='word_1_140' title='bbox 1087 1975 1203 2024; x_wconf 81' lang='lat' dir='ltr'><strong>correxit</strong></span> <span class='ocrx_word' id='word_1_141' title='bbox 1216 1973 1351 2024; x_wconf 77' lang='lat' dir='ltr'><strong>Millerua.</strong></span> <span class='ocrx_word' id='word_1_142' title='bbox 1439 1971 1464 2034; x_wconf 81' lang='lat'><strong>⁸)</strong></span> <span class='ocrx_word' id='word_1_143' title='bbox 1483 1970 1536 2024; x_wconf 77' lang='lat' dir='ltr'><strong>ne·</strong></span> 
     </span>
     <span class='ocr_line' id='line_1_15' title="bbox 239 2063 1490 2132; baseline -0.002 -15"><span class='ocrx_word' id='word_1_144' title='bbox 239 2067 320 2117; x_wconf 72' lang='lat' dir='ltr'><strong>aonii</strong></span> <span class='ocrx_word' id='word_1_145' title='bbox 337 2068 444 2132; x_wconf 84' lang='lat' dir='ltr'><strong>acripal;</strong></span> <span class='ocrx_word' id='word_1_146' title='bbox 464 2065 574 2118; x_wconf 64' lang='lat' dir='ltr'><strong>nonna·</strong></span> <span class='ocrx_word' id='word_1_147' title='bbox 591 2066 677 2128; x_wconf 64' lang='lat' dir='ltr'><strong>Elone</strong></span> <span class='ocrx_word' id='word_1_148' title='bbox 696 2064 819 2118; x_wconf 77' lang='lat' dir='ltr'><strong>Romania</strong></span> <span class='ocrx_word' id='word_1_149' title='bbox 838 2064 989 2128; x_wconf 63' lang='lat' dir='ltr'><strong>(bethanan</strong></span> <span class='ocrx_word' id='word_1_150' title='bbox 1009 2063 1180 2118; x_wconf 72' lang='lat' dir='ltr'><strong>Rononearu</strong></span> <span class='ocrx_word' id='word_1_151' title='bbox 1199 2065 1326 2118; x_wconf 74' lang='lat' dir='ltr'><strong>Matienus</strong></span> <span class='ocrx_word' id='word_1_152' title='bbox 1344 2079 1490 2131; x_wconf 80' lang='lat' dir='ltr'><strong>perperam.</strong></span> 
     </span>
    </p>
   </div>
   <div class='ocr_carea' id='block_1_4' title="bbox 147 2187 1542 5315">
    <p class='ocr_par' dir='ltr' id='par_1_4' title="bbox 147 2187 1542 5315">
     <span class='ocr_line' id='line_1_16' title="bbox 185 2187 1536 2262; baseline -0.001 -12"><span class='ocrx_word' id='word_1_153' title='bbox 185 2188 293 2251; x_wconf 85' lang='lat' dir='ltr'><strong>Oratio</strong></span> <span class='ocrx_word' id='word_1_154' title='bbox 315 2190 503 2252; x_wconf 85' lang='lat' dir='ltr'><strong>subobscura</strong></span> <span class='ocrx_word' id='word_1_155' title='bbox 523 2191 585 2254; x_wconf 75' lang='lat' dir='ltr'><strong>eat.</strong></span> <span class='ocrx_word' id='word_1_156' title='bbox 613 2197 647 2248; x_wconf 91' lang='lat' dir='ltr'><strong>ut</strong></span> <span class='ocrx_word' id='word_1_157' title='bbox 668 2187 757 2248; x_wconf 84' lang='lat' dir='ltr'><strong>iacile</strong></span> <span class='ocrx_word' id='word_1_158' title='bbox 778 2189 916 2256; x_wconf 81' lang='lat' dir='ltr'><strong>Beckero</strong></span> <span class='ocrx_word' id='word_1_159' title='bbox 938 2189 1087 2262; x_wconf 86' lang='lat' dir='ltr'><strong>concedo,</strong></span> <span class='ocrx_word' id='word_1_160' title='bbox 1113 2191 1169 2250; x_wconf 87' lang='lat' dir='ltr'><strong>aed</strong></span> <span class='ocrx_word' id='word_1_161' title='bbox 1191 2191 1396 2260; x_wconf 76' lang='lat' dir='ltr'><strong>sententiata</strong></span> <span class='ocrx_word' id='word_1_162' title='bbox 1418 2191 1536 2250; x_wconf 83' lang='lat' dir='ltr'><strong>univer·</strong></span> 
     </span>
     <span class='ocr_line' id='line_1_17' title="bbox 184 2290 1537 2370; baseline 0.001 -20"><span class='ocrx_word' id='word_1_163' title='bbox 184 2307 252 2351; x_wconf 82' lang='lat' dir='ltr'><strong>aum</strong></span> <span class='ocrx_word' id='word_1_164' title='bbox 273 2291 443 2369; x_wconf 74' lang='lat' dir='ltr'><strong>perspicua.</strong></span> <span class='ocrx_word' id='word_1_165' title='bbox 486 2291 650 2352; x_wconf 81' lang='lat' dir='ltr'><strong>Habebant</strong></span> <span class='ocrx_word' id='word_1_166' title='bbox 670 2291 765 2369; x_wconf 87' lang='lat' dir='ltr'><strong>igitur</strong></span> <span class='ocrx_word' id='word_1_167' title='bbox 786 2301 863 2351; x_wconf 87' lang='lat' dir='ltr'><strong>teste</strong></span> <span class='ocrx_word' id='word_1_168' title='bbox 879 2290 1019 2350; x_wconf 87' lang='lat' dir='ltr'><strong>Varrone</strong></span> <span class='ocrx_word' id='word_1_169' title='bbox 1040 2294 1080 2352; x_wconf 92' lang='lat' dir='ltr'><strong>ab</strong></span> <span class='ocrx_word' id='word_1_170' title='bbox 1102 2293 1222 2370; x_wconf 82' lang='lat' dir='ltr'><strong>oppidis</strong></span> <span class='ocrx_word' id='word_1_171' title='bbox 1244 2293 1370 2352; x_wconf 87' lang='lat' dir='ltr'><strong>nomina</strong></span> <span class='ocrx_word' id='word_1_172' title='bbox 1390 2291 1537 2369; x_wconf 75' lang='lat' dir='ltr'>plerique,</span> 
     </span>
     <span class='ocr_line' id='line_1_18' title="bbox 186 2392 1538 2468; baseline 0 -16"><span class='ocrx_word' id='word_1_173' title='bbox 186 2411 246 2453; x_wconf 88' lang='lat' dir='ltr'><strong>non</strong></span> <span class='ocrx_word' id='word_1_174' title='bbox 269 2411 386 2466; x_wconf 84' lang='lat' dir='ltr'><strong>omnes,</strong></span> <span class='ocrx_word' id='word_1_175' title='bbox 408 2393 540 2453; x_wconf 86' lang='lat' dir='ltr'><strong>libertini</strong></span> <span class='ocrx_word' id='word_1_176' title='bbox 562 2411 582 2456; x_wconf 85' lang='lat' dir='ltr'><strong>a</strong></span> <span class='ocrx_word' id='word_1_177' title='bbox 603 2392 776 2468; x_wconf 83' lang='lat' dir='ltr'><strong>municipiis</strong></span> <span class='ocrx_word' id='word_1_178' title='bbox 797 2411 888 2452; x_wconf 85' lang='lat' dir='ltr'><strong>manu</strong></span> <span class='ocrx_word' id='word_1_179' title='bbox 911 2393 1012 2464; x_wconf 84' lang='lat' dir='ltr'><strong>missi3</strong></span> <span class='ocrx_word' id='word_1_180' title='bbox 1036 2394 1089 2452; x_wconf 84' lang='lat' dir='ltr'><strong>sed</strong></span> <span class='ocrx_word' id='word_1_181' title='bbox 1112 2395 1250 2454; x_wconf 80' lang='lat' dir='ltr'><strong>similiter</strong></span> <span class='ocrx_word' id='word_1_182' title='bbox 1268 2407 1302 2454; x_wconf 88' lang='lat' dir='ltr'><strong>ut</strong></span> <span class='ocrx_word' id='word_1_183' title='bbox 1316 2395 1492 2454; x_wconf 72' lang='lat' dir='ltr'><strong>societatum</strong></span> <span class='ocrx_word' id='word_1_184' title='bbox 1508 2403 1538 2452; x_wconf 85' lang='lat' dir='ltr'><strong>et</strong></span> 
     </span>
     <span class='ocr_line' id='line_1_19' title="bbox 183 2493 1537 2572; baseline 0.001 -20"><span class='ocrx_word' id='word_1_185' title='bbox 183 2497 324 2559; x_wconf 78' lang='lat' dir='ltr'><strong>tenorum</strong></span> <span class='ocrx_word' id='word_1_186' title='bbox 345 2495 426 2556; x_wconf 74' lang='lat' dir='ltr'><strong>narrt</strong></span> <span class='ocrx_word' id='word_1_187' title='bbox 446 2513 510 2555; x_wconf 88' lang='lat' dir='ltr'><strong>non</strong></span> <span class='ocrx_word' id='word_1_188' title='bbox 524 2495 727 2571; x_wconf 80' lang='lat' dir='ltr'><strong>aequabiliter</strong></span> <span class='ocrx_word' id='word_1_189' title='bbox 735 2497 884 2554; x_wconf 88' lang='lat' dir='ltr'><strong>nominati</strong></span> <span class='ocrx_word' id='word_1_190' title='bbox 901 2507 982 2555; x_wconf 88' lang='lat' dir='ltr'><strong>sunt.</strong></span> <span class='ocrx_word' id='word_1_191' title='bbox 1014 2493 1094 2554; x_wconf 86' lang='lat' dir='ltr'><strong>Nam</strong></span> <span class='ocrx_word' id='word_1_192' title='bbox 1112 2496 1139 2554; x_wconf 89' lang='lat' dir='ltr'><strong>si</strong></span> <span class='ocrx_word' id='word_1_193' title='bbox 1155 2511 1277 2558; x_wconf 85' lang='lat' dir='ltr'><strong>serrata</strong></span> <span class='ocrx_word' id='word_1_194' title='bbox 1289 2505 1370 2556; x_wconf 86' lang='lat' dir='ltr'><strong>esset</strong></span> <span class='ocrx_word' id='word_1_195' title='bbox 1383 2493 1537 2572; x_wconf 59' lang='lat' dir='ltr'><strong>andepo,</strong></span> 
     </span>
     <span class='ocr_line' id='line_1_20' title="bbox 184 2595 1538 2674; baseline -0.001 -16"><span class='ocrx_word' id='word_1_196' title='bbox 184 2596 310 2658; x_wconf 85' lang='lat' dir='ltr'><strong>libertos</strong></span> <span class='ocrx_word' id='word_1_197' title='bbox 331 2595 417 2656; x_wconf 84' lang='lat' dir='ltr'><strong>urbia</strong></span> <span class='ocrx_word' id='word_1_198' title='bbox 439 2595 556 2656; x_wconf 83' lang='lat' dir='ltr'><strong>Romae</strong></span> <span class='ocrx_word' id='word_1_199' title='bbox 578 2605 630 2656; x_wconf 83' lang='lat' dir='ltr'><strong>aut</strong></span> <span class='ocrx_word' id='word_1_200' title='bbox 650 2596 833 2674; x_wconf 82' lang='lat' dir='ltr'><strong>oppidorum</strong></span> <span class='ocrx_word' id='word_1_201' title='bbox 853 2596 963 2656; x_wconf 82' lang='lat' dir='ltr'><strong>civium</strong></span> <span class='ocrx_word' id='word_1_202' title='bbox 978 2595 1186 2658; x_wconf 81' lang='lat' dir='ltr'><strong>Romanorum</strong></span> <span class='ocrx_word' id='word_1_203' title='bbox 1201 2607 1288 2656; x_wconf 86' lang='lat' dir='ltr'><strong>extra</strong></span> <span class='ocrx_word' id='word_1_204' title='bbox 1303 2599 1409 2656; x_wconf 83' lang='lat' dir='ltr'><strong>orbam</strong></span> <span class='ocrx_word' id='word_1_205' title='bbox 1424 2597 1538 2674; x_wconf 86' lang='lat' dir='ltr'><strong>quique</strong></span> 
     </span>
     <span class='ocr_line' id='line_1_21' title="bbox 184 2697 1539 2776; baseline -0.001 -17"><span class='ocrx_word' id='word_1_206' title='bbox 184 2699 223 2760; x_wconf 87' lang='lat' dir='ltr'><strong>ab</strong></span> <span class='ocrx_word' id='word_1_207' title='bbox 244 2699 284 2757; x_wconf 82' lang='lat' dir='ltr'><strong>iia</strong></span> <span class='ocrx_word' id='word_1_208' title='bbox 305 2697 533 2758; x_wconf 80' lang='lat' dir='ltr'><strong>descendissent</strong></span> <span class='ocrx_word' id='word_1_209' title='bbox 547 2697 678 2776; x_wconf 86' lang='lat' dir='ltr'><strong>simplici</strong></span> <span class='ocrx_word' id='word_1_210' title='bbox 693 2697 843 2758; x_wconf 76' lang='lat' dir='ltr'><strong>adiectiro</strong></span> <span class='ocrx_word' id='word_1_211' title='bbox 859 2717 878 2755; x_wconf 83' lang='lat' dir='ltr'><strong>a</strong></span> <span class='ocrx_word' id='word_1_212' title='bbox 893 2697 992 2756; x_wconf 78' lang='lat' dir='ltr'><strong>Ronra</strong></span> <span class='ocrx_word' id='word_1_213' title='bbox 1006 2697 1142 2756; x_wconf 81' lang='lat' dir='ltr'><strong>derivato</strong></span> <span class='ocrx_word' id='word_1_214' title='bbox 1158 2699 1361 2774; x_wconf 82' lang='lat' dir='ltr'><strong>designandos</strong></span> <span class='ocrx_word' id='word_1_215' title='bbox 1376 2699 1482 2771; x_wconf 77' lang='lat' dir='ltr'><strong>luisse,</strong></span> <span class='ocrx_word' id='word_1_216' title='bbox 1505 2707 1539 2758; x_wconf 90' lang='lat' dir='ltr'><strong>nt</strong></span> 
     </span>
     <span class='ocr_line' id='line_1_22' title="bbox 186 2797 1541 2878; baseline 0.001 -20"><span class='ocrx_word' id='word_1_217' title='bbox 186 2821 218 2859; x_wconf 82' lang='lat' dir='ltr'><strong>ra</strong></span> <span class='ocrx_word' id='word_1_218' title='bbox 236 2819 312 2858; x_wconf 78' lang='lat' dir='ltr'><strong>vera</strong></span> <span class='ocrx_word' id='word_1_219' title='bbox 332 2797 553 2859; x_wconf 68' lang='lat' dir='ltr'><strong>surrentinis</strong></span> <span class='ocrx_word' id='word_1_220' title='bbox 580 2807 612 2861; x_wconf 84' lang='lat' dir='ltr'><strong>ct</strong></span> <span class='ocrx_word' id='word_1_221' title='bbox 638 2817 658 2857; x_wconf 83' lang='lat' dir='ltr'><strong>a</strong></span> <span class='ocrx_word' id='word_1_222' title='bbox 679 2798 818 2858; x_wconf 84' lang='lat' dir='ltr'><strong>Reatinis</strong></span> <span class='ocrx_word' id='word_1_223' title='bbox 838 2815 929 2857; x_wconf 87' lang='lat' dir='ltr'><strong>monu</strong></span> <span class='ocrx_word' id='word_1_224' title='bbox 951 2799 1037 2857; x_wconf 76' lang='lat' dir='ltr'><strong>mussi</strong></span> <span class='ocrx_word' id='word_1_225' title='bbox 1061 2801 1184 2858; x_wconf 86' lang='lat' dir='ltr'><strong>nomina</strong></span> <span class='ocrx_word' id='word_1_226' title='bbox 1205 2801 1358 2878; x_wconf 83' lang='lat' dir='ltr'><strong>gentilicia</strong></span> <span class='ocrx_word' id='word_1_227' title='bbox 1379 2802 1541 2860; x_wconf 76' lang='lat' dir='ltr'><strong>habuerint</strong></span> 
     </span>
     <span class='ocr_line' id='line_1_23' title="bbox 147 2897 1541 2980; baseline 0.001 -20"><span class='ocrx_word' id='word_1_228' title='bbox 147 2935 151 2943; x_wconf 92' lang='lat'><em>·</em></span> <span class='ocrx_word' id='word_1_229' title='bbox 190 2901 574 2962; x_wconf 74' lang='lat' dir='ltr'><strong>Fauentinaaetllcntinne.</strong></span> <span class='ocrx_word' id='word_1_230' title='bbox 609 2897 733 2960; x_wconf 86' lang='lat' dir='ltr'><strong>Gentile</strong></span> <span class='ocrx_word' id='word_1_231' title='bbox 748 2901 829 2960; x_wconf 87' lang='lat' dir='ltr'><strong>enim</strong></span> <span class='ocrx_word' id='word_1_232' title='bbox 845 2907 960 2958; x_wconf 83' lang='lat' dir='ltr'><strong>tanturn</strong></span> <span class='ocrx_word' id='word_1_233' title='bbox 975 2918 1094 2972; x_wconf 87' lang='lat' dir='ltr'><strong>nomen,</strong></span> <span class='ocrx_word' id='word_1_234' title='bbox 1117 2919 1177 2960; x_wconf 91' lang='lat' dir='ltr'><strong>nou</strong></span> <span class='ocrx_word' id='word_1_235' title='bbox 1192 2919 1370 2980; x_wconf 79' lang='lat' dir='ltr'><strong>cognomen,</strong></span> <span class='ocrx_word' id='word_1_236' title='bbox 1390 2902 1541 2980; x_wconf 81' lang='lat' dir='ltr'><strong>originem·</strong></span> 
     </span>
     <span class='ocr_line' id='line_1_24' title="bbox 188 2995 1539 3079; baseline 0.001 -17"><span class='ocrx_word' id='word_1_237' title='bbox 188 3001 320 3062; x_wconf 72' lang='lat' dir='ltr'><strong>iuuene</strong></span> <span class='ocrx_word' id='word_1_238' title='bbox 339 3011 446 3062; x_wconf 87' lang='lat' dir='ltr'><strong>notum</strong></span> <span class='ocrx_word' id='word_1_239' title='bbox 461 2995 591 3074; x_wconf 77' lang='lat' dir='ltr'><strong>statiis,</strong></span> <span class='ocrx_word' id='word_1_240' title='bbox 614 3003 723 3079; x_wconf 86' lang='lat' dir='ltr'><strong>quibua</strong></span> <span class='ocrx_word' id='word_1_241' title='bbox 736 3000 835 3060; x_wconf 87' lang='lat' dir='ltr'><strong>Varro</strong></span> <span class='ocrx_word' id='word_1_242' title='bbox 851 3001 983 3078; x_wconf 85' lang='lat' dir='ltr'><strong>scripsit,</strong></span> <span class='ocrx_word' id='word_1_243' title='bbox 1005 3009 1112 3076; x_wconf 78' lang='lat' dir='ltr'><strong>utpote</strong></span> <span class='ocrx_word' id='word_1_244' title='bbox 1125 3018 1174 3060; x_wconf 85' lang='lat' dir='ltr'><strong>ree</strong></span> <span class='ocrx_word' id='word_1_245' title='bbox 1191 3006 1369 3062; x_wconf 78' lang='lat' dir='ltr'><strong>necessaria</strong></span> <span class='ocrx_word' id='word_1_246' title='bbox 1404 3001 1539 3064; x_wconf 77' lang='lat' dir='ltr'><strong>Nomina</strong></span> 
     </span>
     <span class='ocr_line' id='line_1_25' title="bbox 190 3103 1538 3183; baseline 0.003 -23"><span class='ocrx_word' id='word_1_247' title='bbox 190 3113 290 3164; x_wconf 80' lang='lat' dir='ltr'><strong>autem</strong></span> <span class='ocrx_word' id='word_1_248' title='bbox 299 3103 456 3183; x_wconf 78' lang='lat' dir='ltr'><strong>gentilicia</strong></span> <span class='ocrx_word' id='word_1_249' title='bbox 469 3103 500 3162; x_wconf 89' lang='lat' dir='ltr'><strong>iu</strong></span> <span class='ocrx_word' id='word_1_250' title='bbox 515 3106 582 3164; x_wconf 77' lang='lat' dir='ltr'><strong>inat</strong></span> <span class='ocrx_word' id='word_1_251' title='bbox 595 3103 694 3167; x_wconf 68' lang='lat' dir='ltr'><strong>inim</strong></span> <span class='ocrx_word' id='word_1_252' title='bbox 707 3123 800 3181; x_wconf 86' lang='lat' dir='ltr'><strong>supra</strong></span> <span class='ocrx_word' id='word_1_253' title='bbox 813 3103 908 3179; x_wconf 84' lang='lat' dir='ltr'><strong>tetigi.</strong></span> <span class='ocrx_word' id='word_1_254' title='bbox 939 3103 1047 3180; x_wconf 82' lang='lat' dir='ltr'><strong>Itaque</strong></span> <span class='ocrx_word' id='word_1_255' title='bbox 1062 3105 1260 3164; x_wconf 86' lang='lat' dir='ltr'><strong>nominandos</strong></span> <span class='ocrx_word' id='word_1_256' title='bbox 1276 3105 1370 3164; x_wconf 80' lang='lat' dir='ltr'><strong>finisse</strong></span> <span class='ocrx_word' id='word_1_257' title='bbox 1385 3105 1538 3166; x_wconf 82' lang='lat' dir='ltr'><strong>Romano·</strong></span> 
     </span>
     <span class='ocr_line' id='line_1_26' title="bbox 191 3203 1538 3280; baseline 0.001 -16"><span class='ocrx_word' id='word_1_258' title='bbox 191 3223 254 3264; x_wconf 83' lang='lat' dir='ltr'><strong>rum</strong></span> <span class='ocrx_word' id='word_1_259' title='bbox 268 3205 395 3264; x_wconf 79' lang='lat' dir='ltr'><strong>libertos</strong></span> <span class='ocrx_word' id='word_1_260' title='bbox 409 3207 570 3268; x_wconf 78' lang='lat' dir='ltr'><strong>Rmnonore</strong></span> <span class='ocrx_word' id='word_1_261' title='bbox 593 3211 694 3264; x_wconf 85' lang='lat' dir='ltr'><strong>tamen</strong></span> <span class='ocrx_word' id='word_1_262' title='bbox 716 3215 822 3265; x_wconf 89' lang='lat' dir='ltr'><strong>contra</strong></span> <span class='ocrx_word' id='word_1_263' title='bbox 844 3203 1015 3280; x_wconf 83' lang='lat' dir='ltr'><strong>analogiam</strong></span> <span class='ocrx_word' id='word_1_264' title='bbox 1032 3205 1191 3264; x_wconf 79' lang='lat' dir='ltr'><strong>Bononiae</strong></span> <span class='ocrx_word' id='word_1_265' title='bbox 1211 3223 1264 3264; x_wconf 83' lang='lat' dir='ltr'><strong>eon</strong></span> <span class='ocrx_word' id='word_1_266' title='bbox 1286 3205 1384 3266; x_wconf 87' lang='lat' dir='ltr'><strong>dictos</strong></span> <span class='ocrx_word' id='word_1_267' title='bbox 1400 3225 1467 3266; x_wconf 85' lang='lat' dir='ltr'><strong>ease</strong></span> <span class='ocrx_word' id='word_1_268' title='bbox 1489 3205 1538 3280; x_wconf 86' lang='lat' dir='ltr'><strong>(ut</strong></span> 
     </span>
     <span class='ocr_line' id='line_1_27' title="bbox 191 3304 1538 3385; baseline 0.001 -19"><span class='ocrx_word' id='word_1_269' title='bbox 191 3305 225 3368; x_wconf 82' lang='lat' dir='ltr'><strong>ab</strong></span> <span class='ocrx_word' id='word_1_270' title='bbox 254 3304 391 3366; x_wconf 76' lang='lat' dir='ltr'><strong>taciano</strong></span> <span class='ocrx_word' id='word_1_271' title='bbox 417 3305 594 3376; x_wconf 73' lang='lat' dir='ltr'><strong>Aeolonior,</strong></span> <span class='ocrx_word' id='word_1_272' title='bbox 616 3325 636 3364; x_wconf 84' lang='lat' dir='ltr'><strong>a</strong></span> <span class='ocrx_word' id='word_1_273' title='bbox 661 3304 771 3385; x_wconf 83' lang='lat' dir='ltr'><strong>Capua</strong></span> <span class='ocrx_word' id='word_1_274' title='bbox 798 3305 989 3382; x_wconf 80' lang='lat' dir='ltr'><strong>Campaniae,</strong></span> <span class='ocrx_word' id='word_1_275' title='bbox 1016 3325 1035 3364; x_wconf 90' lang='lat' dir='ltr'><strong>a</strong></span> <span class='ocrx_word' id='word_1_276' title='bbox 1056 3305 1191 3366; x_wconf 78' lang='lat' dir='ltr'><strong>Venafro</strong></span> <span class='ocrx_word' id='word_1_277' title='bbox 1226 3305 1414 3381; x_wconf 68' lang='lat' dir='ltr'><strong>ibnasraniot</strong></span> <span class='ocrx_word' id='word_1_278' title='bbox 1441 3309 1538 3369; x_wconf 86' lang='lat' dir='ltr'><strong>dictos</strong></span> 
     </span>
     <span class='ocr_line' id='line_1_28' title="bbox 188 3407 1537 3484; baseline 0 -15"><span class='ocrx_word' id='word_1_279' title='bbox 188 3408 352 3482; x_wconf 79' lang='lat' dir='ltr'><strong>vidimus),</strong></span> <span class='ocrx_word' id='word_1_280' title='bbox 372 3427 434 3468; x_wconf 89' lang='lat' dir='ltr'><strong>uon</strong></span> <span class='ocrx_word' id='word_1_281' title='bbox 455 3407 627 3480; x_wconf 81' lang='lat' dir='ltr'><strong>Romanos,</strong></span> <span class='ocrx_word' id='word_1_282' title='bbox 649 3408 830 3484; x_wconf 79' lang='lat' dir='ltr'><strong>antiquitus3</strong></span> <span class='ocrx_word' id='word_1_283' title='bbox 858 3417 966 3484; x_wconf 84' lang='lat' dir='ltr'><strong>postes</strong></span> <span class='ocrx_word' id='word_1_284' title='bbox 988 3427 1060 3468; x_wconf 84' lang='lat' dir='ltr'><strong>vero</strong></span> <span class='ocrx_word' id='word_1_285' title='bbox 1083 3425 1144 3466; x_wconf 90' lang='lat' dir='ltr'><strong>non</strong></span> <span class='ocrx_word' id='word_1_286' title='bbox 1167 3409 1205 3467; x_wconf 85' lang='lat' dir='ltr'><strong>ab</strong></span> <span class='ocrx_word' id='word_1_287' title='bbox 1229 3409 1301 3466; x_wconf 85' lang='lat' dir='ltr'><strong>urbo</strong></span> <span class='ocrx_word' id='word_1_288' title='bbox 1325 3427 1432 3469; x_wconf 85' lang='lat' dir='ltr'><strong>nomen</strong></span> <span class='ocrx_word' id='word_1_289' title='bbox 1456 3431 1537 3470; x_wconf 84' lang='lat' dir='ltr'><strong>acca·</strong></span> 
     </span>
     <span class='ocr_line' id='line_1_29' title="bbox 187 3508 1540 3587; baseline 0 -15"><span class='ocrx_word' id='word_1_290' title='bbox 187 3511 278 3584; x_wconf 78' lang='lat' dir='ltr'><strong>pina,</strong></span> <span class='ocrx_word' id='word_1_291' title='bbox 301 3511 357 3569; x_wconf 82' lang='lat' dir='ltr'><strong>aad</strong></span> <span class='ocrx_word' id='word_1_292' title='bbox 378 3509 419 3568; x_wconf 84' lang='lat' dir='ltr'><strong>ab</strong></span> <span class='ocrx_word' id='word_1_293' title='bbox 439 3509 477 3569; x_wconf 84' lang='lat' dir='ltr'><strong>iia</strong></span> <span class='ocrx_word' id='word_1_294' title='bbox 500 3509 740 3587; x_wconf 76' lang='lat' dir='ltr'><strong>magistratibus,</strong></span> <span class='ocrx_word' id='word_1_295' title='bbox 763 3509 813 3586; x_wconf 89' lang='lat' dir='ltr'><strong>qui</strong></span> <span class='ocrx_word' id='word_1_296' title='bbox 836 3529 888 3569; x_wconf 87' lang='lat' dir='ltr'><strong>eoa</strong></span> <span class='ocrx_word' id='word_1_297' title='bbox 912 3508 1031 3587; x_wconf 87' lang='lat' dir='ltr'><strong>publice</strong></span> <span class='ocrx_word' id='word_1_298' title='bbox 1052 3529 1144 3570; x_wconf 80' lang='lat' dir='ltr'><strong>manu</strong></span> <span class='ocrx_word' id='word_1_299' title='bbox 1166 3512 1335 3572; x_wconf 82' lang='lat' dir='ltr'><strong>misissent:</strong></span> <span class='ocrx_word' id='word_1_300' title='bbox 1359 3521 1392 3571; x_wconf 89' lang='lat' dir='ltr'><strong>ut</strong></span> <span class='ocrx_word' id='word_1_301' title='bbox 1414 3530 1432 3570; x_wconf 86' lang='lat' dir='ltr'><strong>a</strong></span> <span class='ocrx_word' id='word_1_302' title='bbox 1454 3510 1540 3572; x_wconf 81' lang='lat' dir='ltr'><strong>Sulla</strong></span> 
     </span>
     <span class='ocr_line' id='line_1_30' title="bbox 188 3601 1537 3690; baseline 0.001 -19"><span class='ocrx_word' id='word_1_303' title='bbox 188 3601 338 3686; x_wconf 73' lang='lat' dir='ltr'><strong>camebi,</strong></span> <span class='ocrx_word' id='word_1_304' title='bbox 364 3628 384 3670; x_wconf 86' lang='lat' dir='ltr'><strong>a</strong></span> <span class='ocrx_word' id='word_1_305' title='bbox 409 3609 557 3688; x_wconf 85' lang='lat' dir='ltr'><strong>Pompeio</strong></span> <span class='ocrx_word' id='word_1_306' title='bbox 585 3611 740 3688; x_wconf 80' lang='lat' dir='ltr'><strong>Pompeii,</strong></span> <span class='ocrx_word' id='word_1_307' title='bbox 765 3629 785 3671; x_wconf 85' lang='lat' dir='ltr'><strong>a</strong></span> <span class='ocrx_word' id='word_1_308' title='bbox 807 3609 939 3671; x_wconf 78' lang='lat' dir='ltr'><strong>Caesare</strong></span> <span class='ocrx_word' id='word_1_309' title='bbox 962 3611 1032 3670; x_wconf 89' lang='lat' dir='ltr'><strong>Iulii</strong></span> <span class='ocrx_word' id='word_1_310' title='bbox 1058 3611 1131 3670; x_wconf 84' lang='lat' dir='ltr'><strong>dicti</strong></span> <span class='ocrx_word' id='word_1_311' title='bbox 1159 3619 1230 3670; x_wconf 86' lang='lat' dir='ltr'><strong>sunt</strong></span> <span class='ocrx_word' id='word_1_312' title='bbox 1254 3623 1296 3672; x_wconf 85' lang='lat' dir='ltr'><strong>et·</strong></span> <span class='ocrx_word' id='word_1_313' title='bbox 1313 3615 1358 3674; x_wconf 83' lang='lat' dir='ltr'><strong>sic</strong></span> <span class='ocrx_word' id='word_1_314' title='bbox 1385 3613 1537 3690; x_wconf 83' lang='lat' dir='ltr'><strong>deinceps.</strong></span> 
     </span>
     <span class='ocr_line' id='line_1_31' title="bbox 186 3711 1540 3792; baseline 0.001 -20"><span class='ocrx_word' id='word_1_315' title='bbox 186 3712 222 3772; x_wconf 85' lang='lat' dir='ltr'><strong>ln</strong></span> <span class='ocrx_word' id='word_1_316' title='bbox 248 3715 327 3772; x_wconf 75' lang='lat' dir='ltr'><strong>casir</strong></span> <span class='ocrx_word' id='word_1_317' title='bbox 355 3722 455 3772; x_wconf 84' lang='lat' dir='ltr'><strong>autem</strong></span> <span class='ocrx_word' id='word_1_318' title='bbox 480 3711 610 3785; x_wconf 81' lang='lat' dir='ltr'><strong>formae,</strong></span> <span class='ocrx_word' id='word_1_319' title='bbox 636 3712 675 3772; x_wconf 83' lang='lat' dir='ltr'><strong>de</strong></span> <span class='ocrx_word' id='word_1_320' title='bbox 702 3713 814 3789; x_wconf 84' lang='lat' dir='ltr'><strong>quibus</strong></span> <span class='ocrx_word' id='word_1_321' title='bbox 839 3711 985 3773; x_wconf 77' lang='lat' dir='ltr'><strong>Minerua</strong></span> <span class='ocrx_word' id='word_1_322' title='bbox 1012 3713 1173 3790; x_wconf 82' lang='lat' dir='ltr'><strong>cogitavit,</strong></span> <span class='ocrx_word' id='word_1_323' title='bbox 1201 3732 1258 3792; x_wconf 89' lang='lat' dir='ltr'><strong>pro</strong></span> <span class='ocrx_word' id='word_1_324' title='bbox 1282 3713 1446 3789; x_wconf 82' lang='lat' dir='ltr'><strong>gentiliciis</strong></span> <span class='ocrx_word' id='word_1_325' title='bbox 1468 3733 1540 3774; x_wconf 87' lang='lat' dir='ltr'><strong>nua-</strong></span> 
     </span>
     <span class='ocr_line' id='line_1_32' title="bbox 185 3814 1539 3894; baseline 0 -20"><span class='ocrx_word' id='word_1_326' title='bbox 185 3831 275 3892; x_wconf 82' lang='lat' dir='ltr'><strong>qoam</strong></span> <span class='ocrx_word' id='word_1_327' title='bbox 297 3825 464 3891; x_wconf 81' lang='lat' dir='ltr'><strong>usurpatas</strong></span> <span class='ocrx_word' id='word_1_328' title='bbox 485 3832 553 3875; x_wconf 86' lang='lat' dir='ltr'><strong>ease</strong></span> <span class='ocrx_word' id='word_1_329' title='bbox 575 3817 802 3893; x_wconf 83' lang='lat' dir='ltr'><strong>(praeterquam</strong></span> <span class='ocrx_word' id='word_1_330' title='bbox 824 3832 844 3872; x_wconf 86' lang='lat' dir='ltr'><strong>a</strong></span> <span class='ocrx_word' id='word_1_331' title='bbox 865 3814 1020 3874; x_wconf 80' lang='lat' dir='ltr'><strong>militibus</strong></span> <span class='ocrx_word' id='word_1_332' title='bbox 1036 3827 1066 3871; x_wconf 87' lang='lat' dir='ltr'><strong>et</strong></span> <span class='ocrx_word' id='word_1_333' title='bbox 1087 3816 1255 3894; x_wconf 84' lang='lat' dir='ltr'><strong>peregrinis</strong></span> <span class='ocrx_word' id='word_1_334' title='bbox 1278 3829 1413 3894; x_wconf 83' lang='lat' dir='ltr'><strong>tempore</strong></span> <span class='ocrx_word' id='word_1_335' title='bbox 1439 3835 1539 3877; x_wconf 86' lang='lat' dir='ltr'><strong>recen·</strong></span> 
     </span>
     <span class='ocr_line' id='line_1_33' title="bbox 187 3914 1540 4000; baseline 0 -25"><span class='ocrx_word' id='word_1_336' title='bbox 187 3915 283 3991; x_wconf 85' lang='lat' dir='ltr'><strong>tiore)</strong></span> <span class='ocrx_word' id='word_1_337' title='bbox 307 3923 439 3976; x_wconf 69' lang='lat' dir='ltr'><strong>conam.</strong></span> <span class='ocrx_word' id='word_1_338' title='bbox 481 3914 591 3992; x_wconf 78' lang='lat' dir='ltr'><strong>Neque</strong></span> <span class='ocrx_word' id='word_1_339' title='bbox 612 3931 684 3975; x_wconf 76' lang='lat' dir='ltr'><strong>vero</strong></span> <span class='ocrx_word' id='word_1_340' title='bbox 710 3935 767 4000; x_wconf 91' lang='lat' dir='ltr'><strong>pro</strong></span> <span class='ocrx_word' id='word_1_341' title='bbox 788 3914 944 3976; x_wconf 78' lang='lat' dir='ltr'><strong>adiectiria</strong></span> <span class='ocrx_word' id='word_1_342' title='bbox 967 3925 997 3974; x_wconf 85' lang='lat' dir='ltr'><strong>et</strong></span> <span class='ocrx_word' id='word_1_343' title='bbox 1019 3918 1252 3994; x_wconf 74' lang='lat' dir='ltr'><strong>cognominibus</strong></span> <span class='ocrx_word' id='word_1_344' title='bbox 1274 3919 1447 3996; x_wconf 83' lang='lat' dir='ltr'><strong>promiscue</strong></span> <span class='ocrx_word' id='word_1_345' title='bbox 1469 3917 1540 3976; x_wconf 88' lang='lat' dir='ltr'><strong>illac</strong></span> 
     </span>
     <span class='ocr_line' id='line_1_34' title="bbox 187 4015 1540 4095; baseline 0 -17"><span class='ocrx_word' id='word_1_346' title='bbox 187 4033 256 4082; x_wconf 76' lang='lat' dir='ltr'><strong>sunt</strong></span> <span class='ocrx_word' id='word_1_347' title='bbox 283 4015 453 4090; x_wconf 63' lang='lat' dir='ltr'><strong>adhibitura</strong></span> <span class='ocrx_word' id='word_1_348' title='bbox 482 4017 607 4093; x_wconf 81' lang='lat' dir='ltr'><strong>antiqno</strong></span> <span class='ocrx_word' id='word_1_349' title='bbox 633 4031 715 4078; x_wconf 84' lang='lat' dir='ltr'><strong>carte</strong></span> <span class='ocrx_word' id='word_1_350' title='bbox 737 4029 872 4095; x_wconf 85' lang='lat' dir='ltr'><strong>tempore</strong></span> <span class='ocrx_word' id='word_1_351' title='bbox 895 4017 1057 4076; x_wconf 84' lang='lat' dir='ltr'><strong>discrimen</strong></span> <span class='ocrx_word' id='word_1_352' title='bbox 1079 4018 1173 4077; x_wconf 84' lang='lat' dir='ltr'><strong>luisse</strong></span> <span class='ocrx_word' id='word_1_353' title='bbox 1196 4020 1274 4077; x_wconf 85' lang='lat' dir='ltr'><strong>inter</strong></span> <span class='ocrx_word' id='word_1_354' title='bbox 1296 4019 1540 4081; x_wconf 81' lang='lat' dir='ltr'><strong>terminationem</strong></span> 
     </span>
     <span class='ocr_line' id='line_1_35' title="bbox 186 4115 1540 4197; baseline 0.001 -20"><span class='ocrx_word' id='word_1_355' title='bbox 186 4136 265 4196; x_wconf 76' lang='lat' dir='ltr'><strong>quac</strong></span> <span class='ocrx_word' id='word_1_356' title='bbox 287 4125 360 4182; x_wconf 78' lang='lat' dir='ltr'><strong>suot</strong></span> <span class='ocrx_word' id='word_1_357' title='bbox 380 4135 454 4177; x_wconf 76' lang='lat' dir='ltr'><strong>onus</strong></span> <span class='ocrx_word' id='word_1_358' title='bbox 481 4129 513 4177; x_wconf 84' lang='lat' dir='ltr'><strong>et</strong></span> <span class='ocrx_word' id='word_1_359' title='bbox 533 4122 610 4177; x_wconf 76' lang='grc' dir='ltr'>ιιιιίι</span> <span class='ocrx_word' id='word_1_360' title='bbox 632 4137 720 4178; x_wconf 87' lang='lat' dir='ltr'><strong>usum</strong></span> <span class='ocrx_word' id='word_1_361' title='bbox 743 4121 874 4197; x_wconf 88' lang='lat' dir='ltr'><strong>probant</strong></span> <span class='ocrx_word' id='word_1_362' title='bbox 895 4115 1039 4179; x_wconf 72' lang='lat' dir='ltr'><strong>(laesuris</strong></span> <span class='ocrx_word' id='word_1_363' title='bbox 1062 4129 1093 4178; x_wconf 83' lang='lat' dir='ltr'><strong>et</strong></span> <span class='ocrx_word' id='word_1_364' title='bbox 1113 4117 1207 4180; x_wconf 82' lang='lat' dir='ltr'><strong>Plinii</strong></span> <span class='ocrx_word' id='word_1_365' title='bbox 1231 4119 1267 4177; x_wconf 84' lang='lat' dir='ltr'><strong>de</strong></span> <span class='ocrx_word' id='word_1_366' title='bbox 1289 4120 1347 4180; x_wconf 86' lang='lat' dir='ltr'><strong>hnc</strong></span> <span class='ocrx_word' id='word_1_367' title='bbox 1368 4139 1401 4180; x_wconf 87' lang='lat' dir='ltr'><strong>re</strong></span> <span class='ocrx_word' id='word_1_368' title='bbox 1422 4120 1540 4197; x_wconf 88' lang='lat' dir='ltr'><strong>opinio·</strong></span> 
     </span>
     <span class='ocr_line' id='line_1_36' title="bbox 188 4215 1539 4298; baseline 0.001 -15"><span class='ocrx_word' id='word_1_369' title='bbox 188 4239 242 4283; x_wconf 75' lang='lat' dir='ltr'><strong>aaa</strong></span> <span class='ocrx_word' id='word_1_370' title='bbox 268 4215 423 4292; x_wconf 69' lang='lat' dir='ltr'><strong>divana,</strong></span> <span class='ocrx_word' id='word_1_371' title='bbox 451 4228 591 4279; x_wconf 84' lang='lat' dir='ltr'><strong>scmtae</strong></span> <span class='ocrx_word' id='word_1_372' title='bbox 619 4239 638 4278; x_wconf 89' lang='lat' dir='ltr'><strong>a</strong></span> <span class='ocrx_word' id='word_1_373' title='bbox 664 4221 812 4298; x_wconf 84' lang='lat' dir='ltr'><strong>Pompeio</strong></span> <span class='ocrx_word' id='word_1_374' title='bbox 839 4221 1038 4297; x_wconf 85' lang='lat' dir='ltr'><strong>grammatico</strong></span> <span class='ocrx_word' id='word_1_375' title='bbox 1065 4221 1098 4280; x_wconf 90' lang='lat' dir='ltr'><strong>in</strong></span> <span class='ocrx_word' id='word_1_376' title='bbox 1124 4233 1294 4282; x_wconf 86' lang='lat' dir='ltr'><strong>commento</strong></span> <span class='ocrx_word' id='word_1_377' title='bbox 1324 4222 1362 4282; x_wconf 86' lang='lat' dir='ltr'><strong>ad</strong></span> <span class='ocrx_word' id='word_1_378' title='bbox 1384 4219 1539 4284; x_wconf 75' lang='lat' dir='ltr'><strong>Donatum</strong></span> 
     </span>
     <span class='ocr_line' id='line_1_37' title="bbox 186 4317 1541 4400; baseline 0.003 -20"><span class='ocrx_word' id='word_1_379' title='bbox 186 4321 236 4400; x_wconf 79' lang='lat' dir='ltr'><strong>(p.</strong></span> <span class='ocrx_word' id='word_1_380' title='bbox 259 4323 335 4389; x_wconf 75' lang='lat'><strong>144.</strong></span> <span class='ocrx_word' id='word_1_381' title='bbox 359 4319 447 4381; x_wconf 70' lang='lat' dir='ltr'><strong>lias.</strong></span> <span class='ocrx_word' id='word_1_382' title='bbox 471 4319 582 4398; x_wconf 76' lang='lat' dir='ltr'><strong>Keil.)r</strong></span> <span class='ocrx_word' id='word_1_383' title='bbox 610 4325 654 4382; x_wconf 81' lang='lat' dir='ltr'><strong>ait</strong></span> <span class='ocrx_word' id='word_1_384' title='bbox 679 4325 723 4381; x_wconf 80' lang='lat' dir='ltr'><strong>eie</strong></span> <span class='ocrx_word' id='word_1_385' title='bbox 750 4322 860 4382; x_wconf 80' lang='lat' dir='ltr'><strong>Cursor</strong></span> <span class='ocrx_word' id='word_1_386' title='bbox 887 4327 917 4380; x_wconf 88' lang='lat' dir='ltr'><strong>in</strong></span> <span class='ocrx_word' id='word_1_387' title='bbox 945 4321 1030 4382; x_wconf 84' lang='lat' dir='ltr'><strong>libris</strong></span> <span class='ocrx_word' id='word_1_388' title='bbox 1057 4317 1210 4399; x_wconf 80' lang='lat' dir='ltr'><strong>onoiopioe</strong></span> <span class='ocrx_word' id='word_1_389' title='bbox 1235 4319 1318 4382; x_wconf 81' lang='lat' dir='ltr'><strong>&#39;duae</strong></span> <span class='ocrx_word' id='word_1_390' title='bbox 1343 4335 1411 4383; x_wconf 77' lang='lat' dir='ltr'><strong>runt</strong></span> <span class='ocrx_word' id='word_1_391' title='bbox 1436 4325 1541 4396; x_wconf 76' lang='lat' dir='ltr'><strong>Albos,</strong></span> 
     </span>
     <span class='ocr_line' id='line_1_38' title="bbox 185 4422 1541 4500; baseline 0.004 -19"><span class='ocrx_word' id='word_1_392' title='bbox 185 4423 250 4483; x_wconf 75' lang='lat' dir='ltr'><strong>olio</strong></span> <span class='ocrx_word' id='word_1_393' title='bbox 275 4427 335 4481; x_wconf 78' lang='lat' dir='ltr'><strong>iata</strong></span> <span class='ocrx_word' id='word_1_394' title='bbox 361 4439 450 4498; x_wconf 80' lang='lat' dir='ltr'><strong>quone</strong></span> <span class='ocrx_word' id='word_1_395' title='bbox 476 4425 609 4486; x_wconf 72' lang='lat' dir='ltr'><strong>wnirnur</strong></span> <span class='ocrx_word' id='word_1_396' title='bbox 636 4423 668 4480; x_wconf 82' lang='lat' dir='ltr'><strong>in</strong></span> <span class='ocrx_word' id='word_1_397' title='bbox 695 4422 800 4483; x_wconf 76' lang='lat' dir='ltr'><strong>Aricia</strong></span> <span class='ocrx_word' id='word_1_398' title='bbox 827 4423 1037 4500; x_wconf 81' lang='lat' dir='ltr'><strong>[scribentium</strong></span> <span class='ocrx_word' id='word_1_399' title='bbox 1064 4425 1196 4484; x_wconf 82' lang='lat' dir='ltr'><strong>fortasse</strong></span> <span class='ocrx_word' id='word_1_400' title='bbox 1224 4430 1307 4484; x_wconf 80' lang='lat' dir='ltr'><strong>tarto</strong></span> <span class='ocrx_word' id='word_1_401' title='bbox 1335 4427 1481 4498; x_wconf 65' lang='lat' dir='ltr'><strong>Aritium</strong></span> <span class='ocrx_word' id='word_1_402' title='bbox 1509 4429 1541 4485; x_wconf 84' lang='lat' dir='ltr'><strong>in</strong></span> 
     </span>
     <span class='ocr_line' id='line_1_39' title="bbox 187 4519 1541 4606; baseline 0 -22"><span class='ocrx_word' id='word_1_403' title='bbox 187 4523 306 4584; x_wconf 74' lang='lat' dir='ltr'><strong>Marcio</strong></span> <span class='ocrx_word' id='word_1_404' title='bbox 332 4521 464 4584; x_wconf 87' lang='lat' dir='ltr'><strong>coniecit</strong></span> <span class='ocrx_word' id='word_1_405' title='bbox 484 4519 719 4606; x_wconf 79' lang='lat' dir='ltr'><strong>Nipperdeius]‚</strong></span> <span class='ocrx_word' id='word_1_406' title='bbox 745 4532 773 4583; x_wconf 83' lang='lat' dir='ltr'><strong>ct</strong></span> <span class='ocrx_word' id='word_1_407' title='bbox 798 4525 862 4583; x_wconf 82' lang='lat' dir='ltr'><strong>nito</strong></span> <span class='ocrx_word' id='word_1_408' title='bbox 888 4523 935 4584; x_wconf 83' lang='lat' dir='ltr'><strong>bic</strong></span> <span class='ocrx_word' id='word_1_409' title='bbox 960 4530 992 4583; x_wconf 81' lang='lat' dir='ltr'><strong>in</strong></span> <span class='ocrx_word' id='word_1_410' title='bbox 1014 4525 1106 4584; x_wconf 80' lang='lat' dir='ltr'><strong>Italia</strong></span> <span class='ocrx_word' id='word_1_411' title='bbox 1129 4523 1172 4600; x_wconf 85' lang='lat' dir='ltr'><strong>[in</strong></span> <span class='ocrx_word' id='word_1_412' title='bbox 1193 4523 1283 4586; x_wconf 79' lang='lat' dir='ltr'><strong>Latio</strong></span> <span class='ocrx_word' id='word_1_413' title='bbox 1304 4524 1541 4605; x_wconf 73' lang='lat' dir='ltr'><strong>Nipperdciu013</strong></span> 
     </span>
     <span class='ocr_line' id='line_1_40' title="bbox 185 4621 1540 4699; baseline 0.002 -14"><span class='ocrx_word' id='word_1_414' title='bbox 185 4629 309 4690; x_wconf 70' lang='lat' dir='ltr'><strong>rotmiro</strong></span> <span class='ocrx_word' id='word_1_415' title='bbox 338 4623 465 4684; x_wconf 74' lang='lat' dir='ltr'><strong>Rotnani</strong></span> <span class='ocrx_word' id='word_1_416' title='bbox 492 4625 692 4686; x_wconf 78' lang='lat' dir='ltr'><strong>discretionem</strong></span> <span class='ocrx_word' id='word_1_417' title='bbox 712 4627 817 4699; x_wconf 76' lang='lat' dir='ltr'><strong>suom</strong></span> <span class='ocrx_word' id='word_1_418' title='bbox 843 4630 914 4686; x_wconf 79' lang='lat' dir='ltr'><strong>istoc</strong></span> <span class='ocrx_word' id='word_1_419' title='bbox 943 4627 1077 4686; x_wconf 79' lang='lat' dir='ltr'><strong>Albanae</strong></span> <span class='ocrx_word' id='word_1_420' title='bbox 1106 4627 1255 4694; x_wconf 75' lang='lat' dir='ltr'><strong>dixerunt,</strong></span> <span class='ocrx_word' id='word_1_421' title='bbox 1287 4627 1356 4688; x_wconf 81' lang='lat' dir='ltr'><strong>iiior</strong></span> <span class='ocrx_word' id='word_1_422' title='bbox 1386 4621 1540 4688; x_wconf 75' lang='lat' dir='ltr'><strong>Albeneer&#39;</strong></span> 
     </span>
     <span class='ocr_line' id='line_1_41' title="bbox 187 4723 1539 4804; baseline 0.005 -20"><span class='ocrx_word' id='word_1_423' title='bbox 187 4767 301 4786; x_wconf 90' lang='grc'><strong>......</strong></span> <span class='ocrx_word' id='word_1_424' title='bbox 309 4745 319 4795; x_wconf 76' lang='lat'><em>3</em></span> <span class='ocrx_word' id='word_1_425' title='bbox 352 4723 468 4786; x_wconf 71' lang='lat' dir='ltr'><strong>Plinim</strong></span> <span class='ocrx_word' id='word_1_426' title='bbox 497 4724 649 4787; x_wconf 78' lang='lat' dir='ltr'><strong>Secundus</strong></span> <span class='ocrx_word' id='word_1_427' title='bbox 682 4736 768 4803; x_wconf 79' lang='lat' dir='ltr'><strong>nepot</strong></span> <span class='ocrx_word' id='word_1_428' title='bbox 790 4737 829 4786; x_wconf 67' lang='grc' dir='ltr'><strong>«σε</strong></span> <span class='ocrx_word' id='word_1_429' title='bbox 859 4730 902 4785; x_wconf 84' lang='lat' dir='ltr'><strong>ait</strong></span> <span class='ocrx_word' id='word_1_430' title='bbox 928 4731 970 4788; x_wconf 83' lang='lat' dir='ltr'><strong>aie</strong></span> <span class='ocrx_word' id='word_1_431' title='bbox 997 4724 1207 4804; x_wconf 67' lang='lat' dir='ltr'><strong>&#39;indifferenter</strong></span> <span class='ocrx_word' id='word_1_432' title='bbox 1233 4726 1305 4788; x_wconf 80' lang='lat' dir='ltr'><strong>boec</strong></span> <span class='ocrx_word' id='word_1_433' title='bbox 1333 4725 1539 4791; x_wconf 78' lang='lat' dir='ltr'><strong>inveniuntar’.</strong></span> 
     </span>
     <span class='ocr_line' id='line_1_42' title="bbox 186 4825 1542 4906; baseline 0 -16"><span class='ocrx_word' id='word_1_434' title='bbox 186 4825 315 4894; x_wconf 70' lang='lat' dir='ltr'><strong>butten</strong></span> <span class='ocrx_word' id='word_1_435' title='bbox 339 4825 450 4887; x_wconf 79' lang='lat' dir='ltr'><strong>teretur</strong></span> <span class='ocrx_word' id='word_1_436' title='bbox 475 4827 639 4888; x_wconf 75' lang='lat' dir='ltr'><strong>Millerum</strong></span> <span class='ocrx_word' id='word_1_437' title='bbox 665 4827 830 4888; x_wconf 77' lang='lat' dir='ltr'><strong>discrimen</strong></span> <span class='ocrx_word' id='word_1_438' title='bbox 858 4829 940 4903; x_wconf 85' lang='lat' dir='ltr'><strong>quod</strong></span> <span class='ocrx_word' id='word_1_439' title='bbox 967 4827 1157 4906; x_wconf 71' lang='lat' dir='ltr'><strong>grammatici</strong></span> <span class='ocrx_word' id='word_1_440' title='bbox 1185 4841 1303 4890; x_wconf 79' lang='lat' dir='ltr'><strong>veteres</strong></span> <span class='ocrx_word' id='word_1_441' title='bbox 1332 4828 1453 4905; x_wconf 82' lang='lat' dir='ltr'><strong>aliquot</strong></span> <span class='ocrx_word' id='word_1_442' title='bbox 1479 4839 1542 4890; x_wconf 84' lang='lat' dir='ltr'><strong>sta·</strong></span> 
     </span>
     <span class='ocr_line' id='line_1_43' title="bbox 186 4927 1540 5007; baseline 0.001 -19"><span class='ocrx_word' id='word_1_443' title='bbox 186 4939 309 4990; x_wconf 72' lang='lat' dir='ltr'><strong>tamne</strong></span> <span class='ocrx_word' id='word_1_444' title='bbox 330 4927 427 4987; x_wconf 83' lang='lat' dir='ltr'><strong>luisse</strong></span> <span class='ocrx_word' id='word_1_445' title='bbox 448 4929 527 4988; x_wconf 87' lang='lat' dir='ltr'><strong>inter</strong></span> <span class='ocrx_word' id='word_1_446' title='bbox 549 4929 705 5007; x_wconf 83' lang='lat' dir='ltr'><strong>Hispanos</strong></span> <span class='ocrx_word' id='word_1_447' title='bbox 727 4927 1018 5004; x_wconf 59' lang='lat' dir='ltr'><strong>clunniacenses,</strong></span> <span class='ocrx_word' id='word_1_448' title='bbox 1041 4928 1161 5002; x_wconf 79' lang='lat' dir='ltr'><strong>Siculos</strong></span> <span class='ocrx_word' id='word_1_449' title='bbox 1183 4944 1215 4990; x_wconf 88' lang='lat' dir='ltr'><strong>et</strong></span> <span class='ocrx_word' id='word_1_450' title='bbox 1236 4927 1410 4992; x_wconf 84' lang='lat' dir='ltr'><strong>Sicilienses</strong></span> <span class='ocrx_word' id='word_1_451' title='bbox 1433 4931 1540 5006; x_wconf 82' lang='lat' dir='ltr'><strong>(Festi</strong></span> 
     </span>
     <span class='ocr_line' id='line_1_44' title="bbox 186 5027 1539 5111; baseline 0.002 -21"><span class='ocrx_word' id='word_1_452' title='bbox 186 5031 258 5107; x_wconf 67' lang='lat' dir='ltr'><strong>cpit⁴</strong></span> <span class='ocrx_word' id='word_1_453' title='bbox 280 5048 311 5107; x_wconf 87' lang='lat' dir='ltr'><strong>p.</strong></span> <span class='ocrx_word' id='word_1_454' title='bbox 328 5029 369 5090; x_wconf 85' lang='grc'><strong>60</strong></span> <span class='ocrx_word' id='word_1_455' title='bbox 386 5029 439 5100; x_wconf 65' lang='lat' dir='ltr'><strong>bi„</strong></span> <span class='ocrx_word' id='word_1_456' title='bbox 460 5028 521 5087; x_wconf 82' lang='lat' dir='ltr'><strong>ulia</strong></span> <span class='ocrx_word' id='word_1_457' title='bbox 542 5031 692 5106; x_wconf 85' lang='lat' dir='ltr'><strong>quaedam</strong></span> <span class='ocrx_word' id='word_1_458' title='bbox 714 5031 888 5100; x_wconf 80' lang='lat' dir='ltr'><strong>testimonia</strong></span> <span class='ocrx_word' id='word_1_459' title='bbox 909 5031 1066 5111; x_wconf 84' lang='lat' dir='ltr'><strong>Reisigius</strong></span> <span class='ocrx_word' id='word_1_460' title='bbox 1087 5027 1209 5109; x_wconf 85' lang='lat' dir='ltr'><strong>collegit</strong></span> <span class='ocrx_word' id='word_1_461' title='bbox 1231 5034 1262 5090; x_wconf 90' lang='lat' dir='ltr'><strong>in</strong></span> <span class='ocrx_word' id='word_1_462' title='bbox 1283 5032 1539 5108; x_wconf 84' lang='lat' dir='ltr'><strong>praelectionibus</strong></span> 
     </span>
     <span class='ocr_line' id='line_1_45' title="bbox 187 5129 1539 5210; baseline 0 -17"><span class='ocrx_word' id='word_1_463' title='bbox 187 5133 223 5193; x_wconf 83' lang='lat' dir='ltr'><strong>de</strong></span> <span class='ocrx_word' id='word_1_464' title='bbox 242 5147 370 5210; x_wconf 75' lang='lat' dir='ltr'><strong>gramm</strong></span> <span class='ocrx_word' id='word_1_465' title='bbox 394 5129 463 5190; x_wconf 76' lang='lat' dir='ltr'><strong>Lat</strong></span> <span class='ocrx_word' id='word_1_466' title='bbox 486 5151 516 5210; x_wconf 88' lang='lat' dir='ltr'><strong>p.</strong></span> <span class='ocrx_word' id='word_1_467' title='bbox 535 5131 625 5206; x_wconf 85' lang='lat'>164),</span> <span class='ocrx_word' id='word_1_468' title='bbox 653 5141 686 5190; x_wconf 88' lang='lat' dir='ltr'><strong>ut</strong></span> <span class='ocrx_word' id='word_1_469' title='bbox 711 5131 742 5190; x_wconf 91' lang='lat' dir='ltr'><strong>hi</strong></span> <span class='ocrx_word' id='word_1_470' title='bbox 766 5132 915 5204; x_wconf 82' lang='lat' dir='ltr'><strong>advenae,</strong></span> <span class='ocrx_word' id='word_1_471' title='bbox 943 5129 989 5192; x_wconf 90' lang='lat' dir='ltr'><strong>illi</strong></span> <span class='ocrx_word' id='word_1_472' title='bbox 1009 5133 1129 5192; x_wconf 82' lang='lat' dir='ltr'><strong>incolae</strong></span> <span class='ocrx_word' id='word_1_473' title='bbox 1151 5133 1272 5193; x_wconf 70' lang='lat' dir='ltr'><strong>maine.</strong></span> <span class='ocrx_word' id='word_1_474' title='bbox 1316 5133 1422 5210; x_wconf 84' lang='lat' dir='ltr'><strong>Itaque</strong></span> <span class='ocrx_word' id='word_1_475' title='bbox 1444 5133 1539 5193; x_wconf 86' lang='lat' dir='ltr'><strong>inisse</strong></span> 
     </span>
     <span class='ocr_line' id='line_1_46' title="bbox 187 5231 1540 5315; baseline 0.001 -22"><span class='ocrx_word' id='word_1_476' title='bbox 187 5231 397 5296; x_wconf 84' lang='lat' dir='ltr'><strong>Romanensas</strong></span> <span class='ocrx_word' id='word_1_477' title='bbox 424 5250 486 5294; x_wconf 91' lang='lat' dir='ltr'><strong>uon</strong></span> <span class='ocrx_word' id='word_1_478' title='bbox 512 5251 604 5311; x_wconf 80' lang='lat' dir='ltr'><strong>ueg03</strong></span> <span class='ocrx_word' id='word_1_479' title='bbox 632 5253 706 5294; x_wconf 82' lang='lat' dir='ltr'><strong>nam</strong></span> <span class='ocrx_word' id='word_1_480' title='bbox 727 5239 848 5310; x_wconf 89' lang='lat' dir='ltr'><strong>praeter</strong></span> <span class='ocrx_word' id='word_1_481' title='bbox 868 5233 956 5298; x_wconf 84' lang='lat' dir='ltr'><strong>Festi</strong></span> <span class='ocrx_word' id='word_1_482' title='bbox 982 5235 1190 5298; x_wconf 85' lang='lat' dir='ltr'><strong>testimouium</strong></span> <span class='ocrx_word' id='word_1_483' title='bbox 1217 5255 1312 5315; x_wconf 82' lang='lat' dir='ltr'><strong>eaque</strong></span> <span class='ocrx_word' id='word_1_484' title='bbox 1340 5253 1417 5313; x_wconf 86' lang='lat' dir='ltr'><strong>quae</strong></span> <span class='ocrx_word' id='word_1_485' title='bbox 1438 5235 1540 5298; x_wconf 78' lang='lat' dir='ltr'><strong>lexico</strong></span> 
     </span>
    </p>
   </div>
   <div class='ocr_carea' id='block_1_5' title="bbox 0 0 1928 5850">
    <p class='ocr_par' dir='ltr' id='par_1_5' title="bbox 0 0 1928 5850">
     <span class='ocr_line' id='line_1_47' title="bbox 0 0 1928 5850; baseline 0 0"><span class='ocrx_word' id='word_1_486' title='bbox 0 0 1928 5850; x_wconf 95' lang='lat' dir='ltr'><strong> </strong></span> 
     </span>
    </p>
   </div>
  </div>
 </body>
</html>
