3850 5852
387 590 461 664 stt
667 541 669 544 Ι
953 607 1162 662 munuae

392 707 918 722 ...om-mauu-u--u-u—-ae
924 711 982 718 ..μ-ι
987 713 991 718 .
997 709 1048 718 ...ιιι-
1056 707 1165 721 ..μορ-

388 785 536 843 msrestui
570 783 722 841 destinata
755 790 822 841 erat
854 790 946 859 atque
978 782 1099 860 lapides
1133 789 1204 842 ante
1231 799 1299 842 eam
1326 781 1457 859 dispersi
1489 781 1746 856 fundamentoque

388 904 484 962 parra
506 903 635 962 quorum
658 886 789 962 vestigia
817 885 867 944 hio
893 885 958 946 illie
981 885 1127 962 distingui
1148 894 1280 962 possunt
1301 893 1388 944 erant
1409 885 1604 945 tabernarum
1626 887 1657 948 io
1676 883 1748 962 ‚qui-

387 989 443 1054 bus
466 989 655 1066 negotiantes
684 1005 799 1046 merces
827 987 951 1046 venales
979 987 1166 1066 emptoribus
1188 986 1401 1066 proponebant
1421 988 1581 1064 pretioque
1603 986 1747 1047 frumenti

387 1101 419 1150 et
440 1091 617 1151 animalium
641 1098 810 1168 erupturum
834 1089 1026 1149 venditorum
1050 1088 1260 1150 solvebantur:
1283 1095 1316 1150 ut
1338 1089 1463 1149 deeorio
1486 1088 1608 1170 quidam
1624 1089 1747 1148 Marsae

387 1193 421 1252 ol
445 1194 578 1254 hminem
593 1197 768 1271 fluminales
790 1193 928 1252 taberna:
950 1195 1162 1269 quinquaqinta
1186 1210 1248 1250 nrm
1267 1190 1430 1269 portioibus
1452 1191 1617 1268 duplicibus
1637 1195 1667 1251 in
1681 1195 1746 1267 qui·

371 1296 443 1356 -bus
465 1307 607 1357 mutatos
630 1294 804 1373 operetur-²)
828 1295 1008 1356 aedificavit.

471 1399 550 1459 Post
576 1407 722 1478 quattuor
747 1397 841 1457 horas
868 1407 900 1456 et
930 1399 1118 1476 praescripta
1146 1417 1286 1478 magnam
1319 1407 1437 1474 partem
1464 1413 1667 1474 versuumque
1696 1413 1743 1456 ee-

386 1506 542 1578 quentium
564 1501 732 1580 particulas
754 1499 871 1576 aliquot
892 1499 1025 1578 legeram
1037 1507 1078 1558 ¹et
1100 1519 1167 1560 eum
1184 1497 1374 1560 Gueriniano
1394 1500 1536 1576 exemplo
1556 1499 1742 1558 contuleram

386 1622 493 1665 versus
515 1613 699 1684 postremos,
721 1602 774 1680 qui
795 1621 865 1663 oum
888 1611 969 1662 terra
990 1603 1061 1661 teeti
1085 1602 1146 1664 sint
1168 1616 1229 1662 tem
1251 1603 1329 1662 bene
1351 1603 1522 1664 conservati
1542 1611 1614 1661 sont
1635 1609 1669 1662 ιιι
1690 1618 1742 1659 eos

386 1707 449 1764 beri
473 1705 588 1768 inuisos
610 1723 680 1767 esse
701 1705 831 1766 dixeris:
856 1716 919 1764 turn
935 1707 1079 1764 continuo
1101 1705 1206 1764 labore
1229 1705 1366 1784 solisque
1387 1703 1546 1766 meridiani
1569 1701 1663 1764 radiis
1684 1703 1743 1764 les·

387 1827 439 1868 sus
469 1809 571 1868 destiti
602 1820 633 1868 et
663 1817 772 1885 ectypo
801 1807 883 1868 iaetu
900 1807 1015 1875 ,ruinas
1043 1807 1289 1868 eiroumiaeeutes
1317 1825 1493 1886 percurrere
1516 1806 1613 1886 eoepi.
1663 1805 1744 1866 liene

387 1912 465 1972 alios
483 1911 557 1972 mibi
573 1911 699 1971 otientur
721 1910 802 1989 lapis
823 1911 957 1986 siquem
981 1909 1072 1968 modo
1094 1897 1278 1987 reliqueram
1301 1910 1476 1970 simillimus
1498 1909 1552 1970 sed
1567 1910 1668 1968 minus
1682 1908 1743 1968 alte

385 2034 423 2074 ex
454 2025 536 2074 terra
562 2014 753 2090 prominens:
786 2022 852 2072 erat
879 2013 964 2072 aliud
989 2013 1128 2072 eiusdem
1158 2012 1237 2073 tituli
1264 2013 1449 2091 exemplum.
1492 2011 1608 2072 Versus
1633 2009 1742 2071 norem

385 2119 506 2193 priores
527 2117 557 2174 in
582 2135 619 2176 eo
642 2117 734 2176 etiam
757 2116 855 2192 magis
878 2122 1076 2188 evanuerunt,
1098 2133 1166 2174 eum
1181 2115 1224 2174 ibi
1242 2114 1356 2192 lapidis
1377 2114 1555 2194 superficies
1577 2115 1742 2174 maximam

384 2230 503 2296 partem
519 2219 644 2282 omnino
656 2235 751 2278 exesa
762 2219 812 2291 sit,
829 2217 884 2278 sed
901 2222 931 2276 in
946 2217 1066 2294 reliqua
1082 2216 1282 2293 inscriptione
1300 2228 1363 2276 tota
1379 2239 1417 2278 oe
1431 2237 1493 2278 una
1503 2217 1623 2294 quidem
1639 2215 1740 2276 littera

384 2321 537 2381 iuvenitur
551 2321 588 2380 de
604 2321 692 2382 euius
709 2321 839 2380 lectione
855 2319 988 2380 dubitari
1003 2319 1111 2398 possit
1146 2318 1184 2380 ln
1198 2318 1294 2380 altero
1309 2321 1369 2383 boe
1383 2319 1485 2398 lapide
1500 2318 1673 2380 effodiendo
1688 2320 1741 2378 ab·

383 2423 494 2484 luendo
515 2423 677 2502 purgando
699 2423 899 2483 describendo
921 2422 1052 2499 deniqne
1075 2421 1165 2482 huius
1188 2439 1310 2502 quoque
1330 2415 1440 2500 ectypo
1455 2423 1595 2482 iaciendo
1612 2420 1672 2480 diei
1687 2421 1742 2479 ho-

383 2545 436 2585 rae
458 2544 537 2603 quas
560 2533 742 2603 supererant
763 2533 963 2601 consumptae
985 2535 1065 2597 sunt,
1087 2541 1186 2602 neque
1208 2524 1308 2586 denuo
1330 2525 1367 2584 ad
1391 2525 1565 2602 exemplum
1581 2511 1743 2585 Guerinia·

383 2647 455 2688 aum
476 2631 588 2690 reverti
612 2637 769 2707 potueram
790 2629 900 2694 lucum,
923 2627 976 2686 ubi
991 2637 1108 2686 nostem
1125 2645 1258 2707 agerem,
1281 2646 1427 2704 quaerere
1441 2625 1572 2688 moetus.
1609 2615 1740 2707 Repperi

383 2751 452 2790 eum
474 2732 505 2790 in
527 2733 659 2792 tentorio
681 2731 882 2809 spurcissimo
904 2731 1054 2790 collocato
1075 2731 1133 2790 sub
1154 2731 1236 2808 pinis
1259 2731 1425 2791 humilibus
1448 2711 1741 2807 saltos'Beguensis,

382 2833 434 2910 qui
458 2833 546 2893 hodie
563 2833 702 2912 Obanget
716 2832 836 2892 Msabel
859 2831 977 2903 dicitur,
999 2833 1078 2911 apud
1101 2834 1186 2909 ipsos
1210 2833 1318 2908 opinor
1332 2832 1586 2892 Musulamiorum
1607 2841 1740 2892 vetemur

382 2945 531 3014 posteros.
577 2936 658 2996 Nam
692 2935 765 2994 mihi
797 2935 917 3012 quidem
953 2945 1075 2994 constat
1102 2947 1221 3011 gentem
1251 2935 1339 2994 hodie
1367 2933 1445 3010 Uled
1469 2933 1585 2996 Omrsu
1619 2934 1739 3005 dictam,

385 3057 464 3116 quae
492 3039 646 3118 planitiem
673 3039 759 3098 illam
786 3038 945 3114 saltusque
971 3037 1092 3109 incolit,
1121 3057 1188 3097 eom
1210 3037 1293 3098 'faeie
1321 3047 1444 3114 totoque
1472 3037 1610 3115 eorporis
1633 3035 1739 3096 babitu

383 3157 568 3218 magnopere
583 3139 704 3204 differat
718 3141 756 3200 ab
772 3139 912 3217 gentibus
927 3140 1037 3199 droam
1053 3139 1272 3213 babitantibus,
1287 3137 1522 3216 haudquaquam
1534 3141 1655 3200 Arabes
1671 3155 1740 3200 esse

383 3261 506 3322 genere:
540 3243 777 3320 inimisitiaeque
798 3241 872 3302 illes
900 3249 930 3300 et
958 3241 1120 3301 latrocinia
1149 3241 1260 3319 quibus
1289 3252 1358 3319 post
1384 3243 1540 3301 bominum
1563 3243 1738 3302 memoriam

381 3345 471 3422 longe
493 3345 615 3421 lateque
638 3348 778 3420 regiones
801 3343 945 3404 finitimas
967 3341 1238 3404 internumerato
1264 3361 1303 3402 sn
1327 3361 1366 3402 ex
1386 3343 1495 3422 primis
1511 3343 1637 3422 imperii
1661 3345 1738 3402 Ara·

382 3446 440 3504 bisi
465 3449 651 3524 temporibus
678 3449 818 3525 ipsisque
845 3453 980 3506 vetemm
1007 3446 1175 3505 incolarum
1198 3455 1305 3506 eontra
1332 3464 1430 3506 novos
1453 3446 1594 3506 dominos
1615 3444 1739 3505 dimisa·

381 3549 516 3608 tionibus
539 3550 688 3624 originem
711 3551 831 3608 ducant.
887 3547 1036 3609 Fortasse
1063 3549 1155 3626 igitur
1176 3557 1295 3608 montes
1317 3567 1377 3606 nou
1399 3548 1525 3608 nomina
1546 3555 1665 3608 tanturn
1686 3567 1737 3607 ao·

382 3649 519 3728 riqoa²)‚
541 3653 593 3711 sed
617 3653 707 3711 etiam
732 3653 871 3712 homines
895 3661 1062 3710 servarunt

466 3755 499 3812 ln
529 3755 659 3830 patriam
693 3771 833 3814 reversus
863 3771 941 3830 quae
970 3753 1000 3812 in
1029 3771 1062 3812 re
1089 3753 1241 3831 praesenti
1270 3753 1492 3829 descripseram
1522 3769 1642 3812 summa
1666 3770 1739 3810 cors

381 3857 496 3916 contuli
523 3876 590 3916 eoru
618 3856 736 3934 ectypis
764 3857 841 3916 meis
869 3855 969 3934 plenis
995 3855 1202 3932 coniectisque
1230 3866 1321 3932 atque
1348 3873 1385 3914 ex
1417 3853 1454 3914 iis
1476 3855 1632 3934 supplevi,
1661 3872 1738 3932 quae

382 3959 416 4018 in
438 3958 545 4018 Africa
572 3959 718 4035 temporis
746 3958 898 4038 angustiis
928 3975 1055 4036 pressus
1081 3957 1182 4036 legere
1209 3977 1270 4017 non
1294 3967 1469 4036 potueram:
1498 3975 1577 4035 quoe
1603 3957 1647 4018 ite
1674 3957 1738 4016 erui

380 4059 460 4120 infra
481 4079 510 4137 p.
527 4063 557 4119 4.
574 4061 593 4120 b
614 4061 768 4138 proposui.

380 4229 588 4242 ιιι--ι--ιι-

460 4353 483 4418 ¹)
513 4352 593 4419 corp.
614 4355 640 4404 3.
662 4354 744 4404 3288.

458 4461 483 4526 ’)
511 4463 629 4516 Nomina
653 4467 763 4530 antiqua
781 4465 929 4530 Beguensis
955 4463 983 4525 (ιι
1001 4463 1105 4528 Bogus,
1134 4471 1162 4514 ιιι
1182 4463 1294 4522 videtur)
1319 4473 1345 4513 et
1367 4463 1522 4516 Musulamii
1545 4463 1573 4518 ln
1596 4461 1682 4526 Begsr
1708 4469 1734 4512 et

379 4553 484 4607 Msabel
509 4571 636 4608 eonverss
659 4564 727 4616 suut.
766 4557 844 4607 Harrd
864 4571 947 4622 pauca
966 4556 1095 4606 eiusmodi
1121 4557 1320 4607 conversionum
1342 4555 1464 4621 exempla
1482 4549 1578 4608 :norm
1596 4571 1655 4610 sam
1676 4569 1733 4619 pos-

379 4648 438 4711 sim,
458 4665 537 4700 unum
557 4650 681 4701 euidoiat.
720 4648 805 4700 Notus
824 4651 898 4715 regni
917 4649 1051 4699 'dunstani
1071 4663 1146 4702 moos
1166 4649 1287 4714 vicosque
1307 4649 1333 4698 in
1355 4663 1386 4698 so
1406 4651 1470 4700 sinis
1489 4641 1570 4699 hodie
1589 4647 1735 4714 apportatur

379 4741 496 4792 Kissers.
543 4744 611 4793 lium
638 4743 672 4792 ito
702 4741 861 4807 appellatum
891 4756 947 4791 erse
976 4749 1117 4792 narrarunt
1141 4740 1206 4791 milri
1235 4739 1351 4802 Arabes,
1388 4739 1451 4806 quia
1476 4735 1513 4790 ibi
1541 4739 1734 4794 Mobsmmotus

379 4834 457 4897 olim,
485 4849 542 4886 eum
561 4837 692 4886 exereitus
713 4835 938 4886 Musulmonornm
964 4833 1059 4884 bellom
1084 4846 1177 4900 gerens
1201 4840 1294 4884 eontra
1317 4832 1437 4884 infideles
1463 4847 1560 4898 inagna
1584 4833 1654 4884 ieme
1677 4847 1734 4898 pre·

381 4933 506 4990 meretur,
527 4927 619 4993 viginti
644 4927 729 4978 millio
752 4925 890 4979 bominum
910 4925 1019 4992 pervolo
1039 4926 1123 4977 frusto
1142 4925 1217 4992 penis
1240 4927 1401 4976 sudavisset:
1421 4921 1531 4976 Kiseeru
1549 4927 1620 4975 enim
1644 4925 1735 4989 liugos

379 5018 486 5070 arabica
505 5026 545 5068 eet
564 5017 678 5084 nutum
698 5017 808 5086 (ριιιιίι).
854 5021 893 5070 A:
916 5033 965 5086 ego
990 5019 1018 5068 in
1042 5020 1100 5083 ipso
1121 5019 1166 5069 illo
1186 5019 1258 5080 vieo,
1289 5017 1332 5082 qui
1353 5017 1448 5068 eodem
1466 5017 1526 5070 loeo
1545 5019 1611 5070 situs
1629 5023 1669 5068 est
1687 5015 1733 5068 nbi

379 5111 444 5162 olim
463 5111 611 5164 Romamn:
631 5111 758 5178 oppidum
777 5111 835 5173 luit,
856 5111 1051 5177 inseriptionem
1070 5112 1183 5177 repperi,
1202 5111 1231 5162 ln
1245 5111 1337 5176 quaid
1352 5106 1465 5162 ctam
1482 5117 1604 5162 mestar:
1625 5114 1734 5176 apparet

380 5218 477 5256 nomen
495 5202 651 5256 hodiernum
670 5204 809 5271 ¹orniquum
828 5217 886 5256 esse
906 5211 1064 5269 corruptum.
