3752 5856
819 593 1098 645 ADDI'l'AlIEN'l'A
1118 592 1202 644 VOL.
1223 593 1268 642 Ill

649 935 768 992 Balnea
788 933 924 991 Romana
944 951 1037 1008 prope
1065 931 1158 1006 Ttiffer
1181 929 1225 1007 (p.
1243 929 1313 990 630.
1339 929 1445 1006 1048).

371 1071 443 1131 972
466 1091 521 1131 ara
540 1091 602 1150 rep.
626 1071 801 1131 Romu-bad
823 1067 936 1128 Tener.

972 1205 1167 1250 NYMPHIS

946 1309 1050 1352 Avo·
1078 1307 1168 1351 SACR

919 1409 1168 1455 Arrvtsrvs

998 1513 1112 1555 FINITI

891 1621 903 1658 5
933 1617 995 1658 ·v·
1018 1614 1060 1657 S·
1083 1617 1171 1658 t=nt

371 1743 494 1803 rietur
516 1721 628 1801 oram
650 1741 772 1816 cauny
798 1739 878 1798 rsrr
903 1739 965 1800 ran.
991 1739 1018 1797 r.

833 1925 1181 1936 —..-.--——----
1185 1925 1720 1934 mm

663 2125 810 2188 nunno.
856 2125 1080 2187 onnvorvn
1103 2124 1259 2186 oenum
1282 2124 1325 2203 (p.
1343 2123 1429 2201 oar).

372 2265 444 2327 973
467 2266 507 2326 od
533 2287 562 2326 n.
584 2265 676 2327 5210.
729 2263 874 2326 Servatur
897 2263 1018 2325 Gratzii
1045 2265 1075 2322 io
1105 2265 1275 2336 lohanne03
1304 2264 1403 2324 denuo
1431 2262 1527 2322 edidit
1553 2264 1638 2340 liguo
1667 2283 1722 2323 ex·

413 2389 550 2447 pressam
577 2369 617 2429 N.
644 2368 738 2428 Kohn
766 2368 865 2428 Mittit.
900 2369 952 2426 der
980 2367 1277 2428 Centrolcommr'ssiou
1311 2365 1577 2444 Supplemcntlrund
1608 2366 1722 2441 (1874)

414 2492 443 2549 p.
460 2473 512 2542 47,
534 2481 664 2532 testatos
692 2471 833 2530 tabellam
860 2489 927 2530 esse
956 2488 1153 2529 marmoream
1181 2487 1315 2528 crassam
1336 2489 1376 2528 ιιι.
1399 2468 1508 2541 0.015,
1535 2469 1628 2526 latam
1654 2467 1721 2525 lon-

414 2594 543 2654 gamque
566 2595 604 2633 m.
628 2574 734 2644 0.085‚
756 2578 897 2650 cernique
920 2575 951 2632 in
974 2592 1011 2630 ea
1032 2591 1092 2630 non
1108 2587 1224 2644 raros,
1247 2571 1300 2630 sed
1317 2589 1443 2644 ruror,
1466 2578 1499 2630 ut
1520 2570 1558 2630 dc
1581 2587 1597 2629 r
1618 2571 1720 2629 littero

415 2677 547 2736 dubitari
570 2687 700 2753 nequeat
721 2695 818 2754 neque
840 2676 941 2734 littero
956 2685 1027 2753 post
1048 2693 1114 2733 earn
1138 2675 1245 2734 deesse
1260 2676 1407 2734 videatur.
1452 2674 1666 2750 Interpretatio
1682 2673 1720 2732 ab

414 2800 449 2840 eo
473 2781 632 2858 proposita
647 2781 715 2853 soto
730 2779 767 2836 P.
788 2779 885 2838 Victor
907 2799 976 2838 oum
991 2779 1112 2838 defendi
1134 2797 1194 2837 non
1217 2784 1316 2854 possit
1337 2776 1422 2848 (uam
1445 2779 1476 2837 in
1500 2777 1595 2836 sacris
1611 2786 1645 2834 ut
1665 2776 1718 2832 lati

414 2883 495 2942 iotae
523 2883 599 2955 sato,
626 2886 670 2940 ita
695 2880 790 2940 fatum
818 2901 878 2940 non
907 2885 1054 2960 reperitur
1081 2899 1136 2939 neo
1162 2882 1260 2958 magis
1288 2881 1359 2939 ferri
1388 2874 1488 2957 potest
1513 2877 1545 2938 in
1571 2877 1719 2955 eiusmodi

414 2985 503 3044 titulo
532 2984 716 3062 gentilicium
745 2983 922 3060 omissum),
951 2983 1049 3042 adhuc
1075 2983 1253 3042 crediderim
1275 2982 1369 3041 fuisse
1392 2983 1423 3040 in
1445 2981 1571 3042 tessella
1591 2980 1629 3038 ab
1652 2979 1719 3038 aliis

415 3086 565 3164 slmiljbus
588 3087 763 3146 continuato
793 3087 877 3164 (ipsa
898 3085 977 3146 enim
1001 3086 1120 3164 integra
1142 3086 1203 3162 eet)
1227 3100 1346 3144 vrcron
1370 3099 1576 3144 rnrvurnron
1597 3100 1719 3159 corrup-

414 3197 479 3248 tum
502 3208 521 3248 o
542 3189 746 3264 quadratario.

373 3399 447 3460 974
469 3400 508 3458 ad
530 3419 559 3459 n.
577 3398 669 3459 5223.
713 3400 799 3462 Vidit
815 3399 943 3479 Seguier
966 3399 1045 3476 (cod.
1063 3400 1163 3459 Paris.
1179 3399 1248 3459 Lat.
1267 3398 1367 3458 16929
1391 3419 1419 3476 p.
1438 3398 1498 3459 825
1521 3387 1585 3475 bis)
1609 3409 1639 3458 et
1659 3397 1718 3458 lec·

414 3501 524 3562 tionem
551 3501 747 3561 Duellianam
771 3503 802 3560 in
826 3503 873 3562 his
896 3502 1079 3562 emendarit:
1128 3505 1140 3561 1
1173 3519 1285 3562 (tevine
1305 3535 1346 3546 -
1369 3503 1388 3561 5
1411 3517 1658 3564 srecvtnrottvnr
1678 3535 1717 3544 —

416 3605 445 3663 6.
470 3605 487 3660 7
511 3620 556 3662 ru
569 3646 683 3664 ......
698 3621 958 3666 rnovtoenrrssun
971 3648 1063 3665 .....
1076 3621 1236 3666 rocttvur

888 4007 1033 4084 Marourq
1056 4007 1098 4086 (p.
1118 4007 1202 4084 648).

372 4143 443 4205 275
467 4145 506 4204 ad
528 4164 557 4203 n.
574 4145 666 4206 5314.
710 4145 782 4205 Non
810 4153 891 4204 recte
920 4147 1076 4206 dubitasse
1105 4165 1152 4204 me
1179 4145 1216 4204 de
1245 4147 1376 4206 lectione
1404 4147 1483 4204 tituli
1505 4145 1633 4206 dedicati
1656 4145 1718 4204 No-

414 4250 482 4306 trr'cc'
501 4247 652 4323 Aspoetce
678 4247 845 4308 docuerunt
866 4269 914 4307 me
941 4250 1020 4308 tituli
1041 4249 1180 4309 Africani
1202 4259 1264 4308 tres
1285 4250 1397 4326 reperti
1418 4251 1450 4308 iu
1474 4249 1540 4307 vico
1556 4249 1719 4307 Ain—Asis·

414 4349 573 4409 Bru-Tenis
600 4351 679 4410 inter
701 4348 816 4411 Cirtam
839 4362 869 4410 et
891 4349 1000 4411 Sitifim
1029 4353 1078 4412 siti
1105 4371 1201 4428 nuper
1223 4352 1369 4428 recogniti
1395 4352 1433 4409 ab
1457 4352 1591 4410 Antonio
1613 4351 1719 4411 Heron

415 4452 452 4510 de
480 4451 645 4512 Villesosse
674 4453 814 4529 (rapport
839 4473 891 4512 cor
918 4473 973 4512 une
999 4459 1116 4513 mirsion
1144 4454 1363 4530 arettotoptqoe
1389 4473 1423 4512 en
1445 4453 1566 4530 Alqtrr'e
1591 4453 1720 4512 Parisiis

417 4553 495 4612 1874
519 4574 548 4631 p.
566 4556 606 4613 110
618 4556 707 4633 seq.),
730 4574 861 4630 quorum
884 4572 961 4615 unus
983 4557 1089 4634 templi
1111 4566 1157 4616 est
1178 4557 1309 4616 dedicati
1330 4555 1448 4616 Nutrict'
1469 4557 1561 4632 Any„
1586 4556 1646 4615 duo
1668 4556 1720 4615 alii

414 4655 551 4714 victimas
579 4669 756 4716 enumerant
783 4659 957 4718 numinibus
985 4659 1165 4736 quibusdam
1195 4679 1213 4718 a
1240 4659 1447 4718 sacerdotibus
1470 4657 1594 4719 Saturni
1620 4660 1719 4736 primo

414 4758 606 4836 secundoque
628 4761 757 4833 oblutas,
787 4761 902 4820 scilicet
923 4781 1030 4838 aprum
1054 4764 1167 4820 domino
1189 4761 1337 4838 (Saturno
1363 4761 1504 4837 scilicet),
1532 4771 1647 4820 taurum
1668 4763 1718 4819 do·

412 4863 499 4932 mino,
527 4863 668 4922 oviculam
694 4863 818 4936 Telluri,
842 4865 982 4922 indecem
1004 4865 1082 4935 Iovi,
1107 4865 1247 4924 oviculam
1271 4865 1403 4940 Nutriti,
1429 4883 1565 4940 coponem
1585 4863 1717 4934 Herculi,

413 4963 496 5021 edum
519 4963 676 5037 Mercurio,
700 4985 806 5043 apuam
827 4964 941 5026 Veneri.
986 4965 1064 5026 Cum
1079 4967 1186 5026 Tellus
1210 4977 1241 5025 et
1259 4966 1373 5026 Nutrix
1395 4975 1425 5026 et
1446 4967 1547 5025 locum
1568 4965 1720 5024 alternent

414 5069 498 5135 (nam
521 5067 552 5126 in
575 5066 671 5128 altero
694 5068 783 5128 titulo
805 5069 859 5127 illa
880 5070 986 5146 quinta
1007 5079 1066 5142 est,
1094 5069 1170 5130 haec
1190 5071 1293 5147 tertio)
1323 5078 1353 5129 et
1379 5069 1492 5148 pariter
1518 5067 1639 5128 ovicula
1662 5069 1719 5128 ho·

413 5175 574 5241 notentur,
606 5189 675 5229 com
699 5171 879 5232 Villeiossio
913 5171 1076 5232 iudicanda
1106 5180 1155 5232 est
1181 5172 1295 5234 Nutrix
1323 5174 1463 5249 Augusta
1494 5171 1534 5231 ad
1560 5169 1719 5230 Tellurem

414 5289 508 5347 prope
532 5271 682 5332 accedere.
