3794 5850
363 561 409 632 10
956 577 1095 630 naman

357 751 623 814 iuvenem
638 751 719 832 (aie),
737 750 821 831 ‘qnod
835 749 939 826 conae
961 752 1011 830 qni
1027 751 1121 812 edidit
1140 751 1162 812 1.
1177 769 1204 812 a.
1218 769 1245 812 s.
1268 749 1328 811 tab.
1342 747 1424 810 XIII
1442 749 1480 810 19
1501 748 1592 812 nimis
1605 756 1693 810 eante

358 853 398 915 ad
417 852 559 916 Cererem
584 873 624 914 an
649 853 689 915 ad
709 853 823 916 isidem
848 854 961 916 referat
985 854 1102 928 haeret3
1128 853 1189 915 Isia
1215 853 1293 913 enim
1315 851 1396 931 apud
1417 851 1499 912 solos
1521 843 1691 932 Aegyption

357 957 439 1035 quod
454 958 548 1018 seiam
562 945 741 1042 καρποφὸρος
754 955 972 1036 appellabatur.
985 991 1024 1002 -
1041 956 1166 1016 Boenkh
1179 953 1238 1016 boo
1251 943 1432 1040 καρποφόρος
1445 972 1555 1016 nomen
1567 962 1692 1034 propter

357 1059 489 1119 nobilem
514 1057 651 1120 mulieris
672 1053 886 1119 iocunditatem
907 1059 1096 1138 Agrippinae
1117 1058 1250 1123 delatum
1270 1075 1340 1117 essa
1360 1056 1524 1118 existimat.
1566 1055 1692 1118 Minime

356 1179 439 1248 vero.
480 1150 668 1246 Knpnopo‘poe
692 1179 754 1220 non
774 1179 811 1220 ea
830 1178 937 1239 graece
959 1160 1079 1232 dieitur,
1105 1177 1182 1238 qnae
1210 1159 1334 1222 fertilis.
1362 1159 1416 1220 sed
1438 1177 1517 1238 quae
1537 1143 1692 1220 innotiiera

356 1262 501 1323 Romame
522 1272 579 1324 est.
613 1261 785 1338 Emotiiera
805 1271 905 1323 antem
926 1262 984 1322 den
1004 1269 1161 1341 eat-quae
1181 1261 1332 1323 irnotunm
1353 1268 1532 1340 proventum
1554 1269 1640 1320 ourat
1660 1269 1692 1320 et

357 1355 463 1438 effluit,
492 1367 557 1426 sine
579 1362 672 1426 Cerea
701 1366 766 1424 sine
787 1363 885 1425 Terra
911 1365 978 1426 dea
1020 1355 1209 1449 Καρποφέρος
1235 1371 1362 1424 vocatur
1388 1364 1468 1424 lulia
1492 1352 1634 1443 Angusta
1658 1363 1691 1423 in

356 1485 478 1527 nummo
506 1466 632 1528 dextera
656 1476 718 1528 tres
743 1467 844 1544 spinas
866 1475 970 1527 tenens
993 1466 1088 1544 (Anu.
1109 1467 1185 1528 Inst
1210 1467 1291 1528 1850
1311 1486 1342 1546 p.
1358 1465 1443 1544 202).
1487 1465 1584 1542 Atqui
1601 1460 1691 1526 ‘nihil

354 1568 517 1629 liberorum
537 1564 619 1630 tutit'
640 1589 679 1628 ex
700 1587 737 1629 ea
756 1570 925 1647 Angustus,
947 1567 1029 1630 Suet
1045 1571 1125 1645 Aug.
1147 1588 1173 1628 o.
1190 1568 1240 1629 6³.
1257 1601 1294 1613 -
1317 1569 1441 1628 Erravit
1461 1567 1551 1629 etiam
1573 1566 1691 1628 liolsbel
1734 1627 1736 1635 ,

356 1669 479 1730 v1214
506 1688 614 1731 nomen
636 1663 733 1734 Αἰολίς
758 1670 827 1731 inde
846 1671 1019 1750 explicans,
1044 1671 1127 1749 qnod
1151 1679 1183 1730 et
1204 1669 1415 1734 Germanicum
1441 1677 1472 1730 et
1491 1669 1690 1749 Agrippinam

353 1771 460 1833 Lesbii
486 1773 606 1834 eivitnte
627 1772 800 1834 donassent.
843 1765 939 1834 Αἰολὶς
957 1765 1127 1858 Ἀγριππίνα
1148 1783 1229 1834 esest
1250 1790 1324 1833 sane
1343 1772 1477 1833 Aeolion¹
1493 1771 1615 1834 civitate
1635 1770 1689 1831 do·

355 1884 429 1934 nata
449 1875 619 1953 Agrippina
639 1875 689 1936 vel
710 1885 816 1964 posset
837 1893 919 1949 esse,
941 1877 996 1936 aed
1016 1869 1078 1934 Sui
1099 1865 1195 1934 Αἰολὶς
1210 1865 1384 1960 ‘Appiaria
1405 1875 1463 1934 dea
1483 1883 1531 1936 eat
1551 1891 1630 1952 qnae
1649 1873 1690 1934 ad
1713 1908 1715 1914 s

354 1995 472 2038 omnem
494 1977 636 2038 Aeoliam
657 1978 843 2056 provinciam
864 1979 1020 2058 pertineat
1057 1977 1127 2038 Non
1148 1977 1418 2055 quidemAeolIae
1439 1985 1531 2055 eaput
1546 1975 1690 2055 Mytilene

354 2087 415 2152 est,
442 2077 497 2140 sed
517 2079 613 2140 lasabi
634 2079 849 2140 tantummodo.
892 2078 1007 2141 Verum
1029 2081 1154 2156 eogitari
1176 2087 1289 2158 potest,
1311 2085 1428 2158 eeteros
1448 2077 1589 2152 Lesbiis,
1608 2077 1689 2155 apud

354 2196 431 2256 quos
451 2182 692 2242 commorabatur
705 2183 885 2260 Agrippina,
907 2183 1108 2256 mandavisse,
1130 2188 1164 2241 ut
1184 2181 1243 2260 ipsi
1265 2200 1321 2260 pro
1343 2177 1482 2242 omnibns
1499 2180 1565 2240 eins
1579 2197 1688 2240 nomen

354 2283 560 2344 oommrmibus
582 2284 677 2344 saeris
698 2284 850 2344 adderent.

354 2555 393 2618 V.
434 2557 472 2617 In
485 2577 654 2619 marmorea
667 2560 770 2620 tabula
783 2559 894 2619 ibidem
917 2560 951 2636 (i.
964 2577 990 2620 e.
1006 2559 1164 2638 Mytilene)
1183 2559 1255 2620 Pan.
1289 2557 1375 2618 Haeo
1388 2559 1529 2620 marmori
1544 2557 1689 2637 inscripta

396 2669 468 2721 sunt
488 2661 614 2724 mitileni
636 2661 674 2722 de
695 2661 853 2724 Alcibiade
873 2663 940 2722 Pol.

621 2832 655 2892 ‘0
676 2825 773 2892 mim
795 2829 888 2914 eoepit·
907 2827 957 2893 uni
976 2838 1092 2906 μουσῶν
1114 2823 1170 2913 ἔχ’
1192 2823 1335 2918 ἄρισ[τ]οσ

659 2925 852 3008 Ἀλκιβιάδης
871 2931 1028 3009 Βυζάντιος
1048 2929 1159 2996 ἔνθάδε
1180 2939 1283 3004 κεῖμαι,

655 3029 802 3110 ‘misen
821 3028 937 3099 adarna
957 3029 1029 3124 ὄρνις
1050 3028 1233 3101 ἆωδὸτατος·

661 3135 848 3212 munimenti
870 3137 901 3198 di
922 3164 966 3212 μοι
988 3131 1022 3214 ἦν
1041 3131 1242 3224 παρᾶκοιτ[ι]σ,
1320 3175 1321 3178 ¹

607 3261 619 3304 t
660 3229 721 3320 effe]
741 3239 777 3303 ia,
794 3238 936 3303 δαπανῶν,
951 3235 1061 3310 τύμβος
1081 3235 1148 3322 Ixia
1170 3243 1217 3319 [με
1238 3233 1357 3320 nithado

660 3334 767 3420 Δι’σβῳ
787 3337 826 3406 iai
848 3336 952 3430 χώραν·
973 3339 990 3418 ἦ
1012 3339 1042 3404 δ’
1056 3337 1195 3414 εὐδαίμων
1207 3331 1380 3422 Μυτι>.ἦ[νη]

661 3447 745 3516 raian
764 3441 950 3517 perurbane.

353 3622 389 3685 0.
414 3623 439 3684 1.
461 3621 552 3684 2211.
575 3657 612 3666 -
646 3620 774 3684 Sordide
802 3624 920 3684 conanti
946 3622 1039 3700 panni
1066 3623 1183 3684 metrioi
1210 3634 1250 3680 ex
1275 3622 1443 3699 antiquiore
1471 3625 1610 3702 exemplo
1635 3625 1687 3685 de·

351 3727 484 3806 prompti
510 3735 595 3798 eunt,
621 3725 706 3785 ouius
731 3725 813 3785 hand
833 3725 987 3804 vulgarem
1013 3724 1109 3786 inisse
1137 3724 1303 3785 orationem
1330 3743 1370 3785 ex
1392 3726 1485 3786 verbo
1509 3721 1686 3804 usrpar'rarn

353 3826 490 3906 oolligas.
532 3827 646 3888 Mortui
659 3826 834 3904 uxorisque
855 3833 886 3888 et
905 3827 1022 3906 patriae
1043 3844 1165 3887 nomina
1183 3830 1216 3887 in
1236 3845 1330 3888 cansa
1349 3826 1480 3900 inerunt,
1505 3836 1538 3888 ut
1558 3829 1687 3905 pristina

352 3929 503 4010 elegantia
523 3931 642 4010 periret

436 4031 474 4090 V.
493 4035 507 4090 l
533 4051 605 4092 nare
627 4041 715 4110 putes
736 4025 828 4110 ἔξοχ’
849 4019 965 4115 ἄριστος
986 4031 1068 4091 refiei
1089 4049 1190 4110 posse.
1230 4031 1321 4092 Dixit
1341 4031 1421 4094 enim
1441 4031 1594 4098 Homerus
1615 4031 1685 4092 ὀνει-

350 4125 476 4218 ροπέλων
496 4119 553 4213 ἔχ’
575 4123 700 4218 uiperae,
721 4153 818 4210 neque
840 4133 930 4193 haina
952 4133 1071 4210 generis
1093 4134 1241 4195 formulae
1261 4137 1393 4214 perverti
1414 4137 1521 4196 solent
1560 4137 1686 4195 Menoeis

352 4255 516 4316 cognomen
548 4235 580 4295 in
612 4235 782 4296 Alcibiadis
813 4235 931 4296 familia
962 4237 1106 4296 usitatum
1139 4235 1237 4296 fuisse
1269 4237 1362 4297 sumit
1387 4233 1542 4310 Welolser3
1576 4239 1685 4300 melina

352 4355 423 4397 vero
445 4337 569 4398 Boeelrh
590 4339 681 4398 vertit
713 4341 845 4414 optimus
865 4331 976 4413 pnesi'.
1017 4337 1055 4398 In
1076 4337 1175 4415 primo
1196 4339 1276 4397 enim
1298 4357 1389 4404 versu
1410 4339 1580 4399 Alcibiadis
1602 4340 1685 4417 inge·

351 4441 433 4500 nium
454 4441 604 4511 landatur,
623 4440 677 4516 qui
699 4458 764 4498 num
786 4441 818 4498 in
840 4441 909 4500 aliis
932 4443 1071 4500 omnibns
1094 4441 1215 4517 sapiens
1238 4452 1301 4501 tum
1322 4442 1452 4501 eximius
1474 4447 1564 4516 poeta
1584 4443 1684 4502 inerit.

352 4540 519 4602 Genetivns
544 4561 605 4602 non
629 4541 888 4618 niminmplanet,
916 4549 949 4602 at
969 4561 1025 4602 neo
1044 4541 1171 4620 reliqua.
1215 4540 1370 4604 Sententia
1391 4543 1500 4604 similis
1522 4543 1553 4604 in
1574 4563 1622 4622 ep.
1643 4545 1684 4605 A.

350 4641 415 4704 Pu.
434 4643 505 4715 Vll,
521 4643 596 4704 355:
620 4632 652 4712 ἦν
674 4639 703 4700 δ’
726 4641 796 4726 ὡνηρ
817 4647 931 4710 μουσῶν
952 4644 1032 4710 ianae·
1053 4639 1138 4727 aspie
1173 4643 1274 4704 Etiam
1292 4645 1471 4723 Pomponiis
1485 4647 1593 4706 Musae
1614 4664 1685 4726 eog-

351 4762 461 4806 nomen
487 4745 664 4804 demendum
684 4744 831 4814 arbitror,
858 4745 940 4822 qnod
963 4745 1129 4806 Mommsen
1151 4750 1195 4805 ais
1216 4745 1326 4806 indidit
1347 4745 1372 4806 1.
1386 4746 1426 4808 R.
1440 4745 1480 4808 N.
1500 4746 1581 4808 3329
1603 4749 1686 4808 hisee

350 4847 452 4907 verbis
473 4847 576 4918 nisos,
602 4865 680 4924 qnae
701 4847 872 4921 anbnnipsa
892 4861 978 4906 sunt:
1005 4845 1064 4906 ‘sei
1084 4849 1150 4907 fieri
1171 4848 1334 4925 potuisset,
1355 4859 1508 4910 aeternam
1528 4849 1691 4910 ineolnrni·¹

349 4957 442 5010 tatem
468 4950 576 5010 Musae
593 4943 789 5018 donassenti
837 4949 933 5008 lnnn
961 4949 1055 5010 musis
1081 4949 1216 5011 amioum
1242 4949 1444 5028 Pomponium
1469 4951 1684 5012 Petronianum

350 5052 376 5110 ai
406 5051 798 5129 potuissent,·ineolumem
816 5051 967 5110 ¹iecissent
991 5051 1113 5122 Musae,
1138 5069 1217 5128 quae
1243 5053 1390 5113 ontionia
1415 5051 1514 5114 forma
1538 5072 1577 5114 ex
1604 5051 1685 5114 Nae

349 5154 431 5213 viani
452 5153 533 5230 quod
554 5153 648 5212 iertnr
669 5153 814 5231 epitaphii
835 5151 1030 5215 similitudine
1050 5164 1225 5231 eomparata
1244 5163 1305 5214 est:
1325 5151 1523 5216 'immortales
1541 5155 1684 5220 mortales

350 5255 378 5316 si
398 5255 478 5316 foret
497 5255 544 5316 sas
566 5255 648 5329 dere,
670 5253 776 5316 flerent
795 5253 883 5314 diuae
905 5251 1057 5316 Camenae
1078 5253 1227 5315 Naevium
1248 5251 1390 5336 poetam'.
