3848 5850
435 605 514 678 138-
867 621 1330 679 ιιιιιιιιιιιιιιτιιιιοι.ιι

432 801 534 876 operis
559 799 623 858 hoc
643 807 723 858 certe
747 797 939 877 permisisse,
954 809 998 858 ut
1023 789 1232 872 aestimatione
1254 795 1359 868 ⁴oblato
1385 797 1686 874 universumagrom
1714 793 1769 865 do·

431 897 514 964 mluo
526 900 619 961 'etiam
634 899 748 961 uolenti
763 901 929 975 suferrcut3
944 899 1008 970 iero
1024 901 1210 980 otdugusto
1223 899 1391 982 imperante
1403 905 1527 959 seuetoa
1542 899 1661 958 censuit
1673 897 1768 976 qood·

432 1019 558 1081 cumque
573 1001 612 1062 ed
625 1020 722 1080 aquae
735 1001 857 1066 ductum
871 1000 1065 1066 recolendum
1080 1017 1160 1080 opus
1173 1001 1214 1064 ait
1226 1019 1266 1062 ex
1279 1001 1363 1080 apris
1377 1002 1564 1078 privatorum
1578 1000 1769 1060 aestimemur

432 1103 512 1164 sumi
536 1103 629 1164 licere
656 1101 812 1179 (Frontio.
837 1103 857 1164 l.
877 1122 903 1166 a
930 1101 1064 1180 alib).
1095 1101 1261 1164 Aedificiis
1287 1111 1389 1164 tameu
1414 1103 1445 1162 iu
1471 1102 1563 1164 doctu
1583 1097 1769 1162 instituendo

431 1205 517 1283 parci
540 1205 594 1266 lex
617 1203 713 1279 iubete
739 1205 878 1268 similiter
904 1205 1187 1266 senatusconsulto
1208 1193 1249 1264 ω’
1266 1203 1348 1283 quod
1368 1205 1461 1266 refert
1479 1203 1644 1264 Frontinus
1665 1220 1692 1262 e.
1710 1199 1766 1260 lat

430 1316 560 1384 tuaque
581 1327 620 1367 cx
640 1317 726 1386 parte
747 1326 845 1387 oquae
866 1309 972 1368 ductus
992 1306 1078 1386 quioi
1099 1307 1192 1387 petes
1212 1307 1359 1368 itovecui
1377 1306 1506 1385 relinqui
1520 1307 1670 1379 iubentur,
1690 1313 1725 1363 ut
1737 1302 1769 1364 in

431 1409 470 1469 iia
491 1408 569 1470 looia
590 1410 714 1473 arbores
734 1409 879 1470 tollaomr
899 1418 1019 1488 praeter
1036 1426 1101 1483 ees.
1121 1427 1200 1486 quae
1216 1407 1296 1469 villis
1308 1408 1470 1470 conclusae
1485 1417 1596 1481 esseut,
1618 1425 1674 1467 uec
1688 1404 1770 1468 delo·

433 1527 504 1588 ceps
520 1511 600 1571 ullce
614 1519 820 1588 conserantur,
839 1495 979 1574 aedificia
992 1511 1077 1574 oolla
1089 1529 1171 1574 nora
1183 1510 1267 1586 liant,
1283 1510 1338 1573 eed
1351 1518 1421 1571 cute
1435 1509 1517 1570 iacta
1529 1520 1713 1570 remaneant
1729 1539 1769 1554 ·-

432 1610 534 1692 Caput
553 1614 591 1674 de
612 1631 694 1691 aqua
714 1601 830 1674 ccdoca
849 1613 940 1693 plano
961 1614 1102 1676 convenit
1122 1633 1190 1674 cum
1204 1609 1353 1674 Frontino
1367 1631 1394 1672 o.
1407 1611 1462 1672 94:
1484 1613 1567 1689 epod
1584 1623 1693 1672 actores

433 1715 523 1776 omnic
548 1733 628 1794 aquo
653 1718 684 1776 ia
708 1733 780 1777 aeae
797 1712 931 1798 publicos
953 1717 1127 1794 scopabatur
1147 1725 1174 1776 et
1195 1725 1308 1778 cautam
1327 1718 1373 1774 tto
1385 1716 1464 1793 soit.-
1486 1709 1530 1774 ‘os
1548 1717 1615 1792 pote
1633 1717 1770 1791 procoss

432 1818 523 1877 oliam
543 1811 681 1897 [oqoom]
706 1817 808 1892 ducat,
834 1837 922 1896 puceu
946 1835 1021 1896 pauc
1045 1835 1080 1878 ee
1100 1818 1167 1878 loco
1187 1817 1301 1880 leoco
1320 1810 1437 1877 occidit’
1458 1845 1498 1861 —
1520 1815 1591 1891 boec
1610 1817 1684 1876 ensa
1704 1824 1773 1876 sort

432 1905 522 1979 oesbo
547 1917 619 1997 lepis
636 1945 687 1964 ¹—-
715 1921 749 1980 id
773 1931 815 1982 eet
839 1937 913 1999 pace
938 1937 974 1982 ec
999 1921 1066 1982 loca
1092 1903 1265 1980 mosem.-
1283 1937 1355 1996 ‚eosa
1377 1913 1599 1980 aos‘oodocara
1626 1933 1769 1977 cocosaoa

432 2006 516 2081 Idem
538 2039 608 2080 cum
627 2021 721 2081 eddat
736 2037 851 2101 ¹aquom
872 2021 1016 2084 ceducam
1038 2020 1104 2082 dari
1126 2021 1248 2083 solitam
1268 2037 1338 2080 esee
1360 2029 1413 2104 aut
1429 2018 1463 2079 iu
1484 2036 1573 2080 usum
1595 2018 1770 2096 beluearum

433 2120 682 2184 fullonicarumse
700 2123 844 2202 imposito
857 2123 998 2202 vectigali
1013 2123 1112 2184 autin
1134 2121 1241 2183 domos
1262 2120 1432 2200 principum
1452 2108 1585 2182 civitatis
1605 2119 1771 2182 conceden-

432 2223 516 2284 tibue
536 2221 676 2306 reliquie,
697 2225 788 2286 etiam
808 2225 841 2284 iu
863 2225 938 2287 urbo
959 2225 997 2285 da
1018 2243 1056 2286 ee
1077 2241 1159 2306 equa
1180 2231 1304 2286 mustus
1323 2239 1381 2302 pro
1401 2241 1435 2286 rc
1453 2222 1622 2286 decrevisse
1641 2221 1771 2290 uidetur,

434 2325 582 2386 ut'modo
600 2335 732 2405 propter
757 2324 908 2405 publicam
930 2325 1090 2387 utilitatem
1115 2327 1229 2405 petenti
1256 2325 1393 2396 deretur,
1418 2325 1509 2388 ruodo
1534 2324 1658 2396 honoris
1678 2341 1773 2384 causa

433 2425 587 2506 primariis
606 2427 682 2488 viria
703 2427 924 2491 concederetur.

295 2547 422 2614 corapo-
518 2527 548 2588 8.
585 2525 634 2589 Ad
653 2529 814 2607 pecuniam
835 2529 986 2609 publicam
1006 2531 1181 2610 reditusque
1201 2530 1340 2610 publicos
1362 2527 1617 2592 edmiaistraudoe
1637 2529 1671 2589 io
1688 2527 1771 2591 bisce

312 2621 404 2672 mm
435 2629 547 2690 tubulis
568 2647 648 2707 quae
662 2639 807 2711 spectant
826 2649 888 2693 uou
909 2630 1014 2712 muita,
1036 2651 1074 2693 ca
1094 2632 1154 2692 boo
1174 2632 1242 2694 loco
1263 2634 1499 2712 composuimus.

298 2693 422 2820 ffiffi
519 2728 628 2809 Capite
644 2729 748 2794 XCVI
775 2733 883 2806 duovir
911 2726 1032 2796 iubetur
1057 2735 1097 2796 ad
1122 2733 1301 2796 decuriones
1327 2735 1426 2814 primo
1446 2751 1568 2814 quoque
1589 2733 1639 2793 die
1659 2731 1772 2792 referre

304 2855 415 2908 quepu·
435 2831 474 2892 dc
499 2832 626 2907 iudicio,
651 2835 735 2914 quod
759 2835 851 2900 alicui
871 2854 911 2903 ex
931 2833 1146 2898 decurionibus
1166 2835 1205 2896 de
1225 2837 1354 2916 pecunia
1371 2835 1494 2914 publica
1513 2833 1646 2896 multare
1665 2835 1697 2898 io
1719 2853 1773 2912 pu·

296 2914 424 2971 bum
435 2933 546 2996 blicam
567 2929 737 3016 redigenda
751 2936 859 3028 locove
880 2937 1003 3016 publico
1024 2937 1242 2999 instituendum
1264 2955 1332 3000 ecee
1352 2939 1499 3006 rideatur.

518 3034 627 3115 Capite
641 3035 814 3100 CXXXIV
827 3057 931 3102 eorum
952 3057 1031 3118 quac
1052 3039 1198 3106 babemus
1219 3047 1356 3102 extremo
1374 3058 1472 3118 eoque
1484 3038 1660 3118 imperfecto
1673 3036 1712 3098 de
1725 3053 1772 3110 eo,

435 3139 489 3219 qui
513 3138 630 3200 civitati
655 3140 801 3202 bonorem
826 3141 959 3220 aliquem
983 3140 1142 3204 habiturus
1166 3143 1209 3204 ait
1230 3159 1378 3205 manusve
1402 3139 1455 3202 det
1480 3141 1694 3220 polliceoturvc
1715 3149 1776 3201 ata-

434 3247 556 3302 tusmre
577 3239 711 3320 aliquam
733 3241 805 3318 dure
825 3261 977 3322 pouereve
997 3243 1182 3322 promiscuit,
1204 3249 1337 3317 uretur,
1358 3261 1397 3305 ne
1418 3243 1458 3312 ob
1480 3261 1548 3304 eam
1568 3261 1632 3304 rem
1648 3243 1779 3321 pecunie

434 3341 558 3420 publica
577 3341 697 3406 aliudve
717 3343 825 3422 quid¹)
846 3345 874 3405 ei
893 3343 985 3426 detur
994 3343 1131 3408 doumur.
1162 3344 1269 3422 ltaque
1284 3344 1338 3424 qui
1350 3343 1540 3422 Ιιιςὶιίοιιοιιι
1555 3344 1689 3422 aliquam
1702 3343 1777 3402 ciui·

434 3443 494 3506 bus
514 3443 650 3506 fecturus
671 3453 728 3520 eat,
749 3439 920 3508 univercum
940 3462 998 3514 'suo
1020 3455 1143 3525 sumptu
1156 3445 1293 3525 perficiat
1305 3463 1430 3522 neumae
1443 3453 1492 3507 eet
1504 3463 1602 3524 neque
1615 3445 1776 3524 quicquam

435 3546 468 3608 in
489 3565 557 3608 mm
576 3564 641 3607 rem
662 3547 811 3608 aerarium
831 3547 1011 3610 contribuat.
1054 3546 1233 3628 Comparari
1253 3557 1356 3628 potest
1375 3547 1457 3627 quod
1477 3547 1596 3610 Paulus
1617 3543 1776 3623 acribitllr

435 3644 597 3709 ciuitatibus
623 3647 717 3728 lepori
739 3657 834 3728 potest
858 3654 944 3711 eticae
967 3651 1046 3729 qood
1069 3651 1111 3712 cd
1135 3647 1476 3728 tosoem‘omoooaqoe
1497 3652 1621 3714 obdidit
1637 3651 1778 3728 pertines:

436 3751 478 3811 od
497 3761 628 3812 οπιατιιιιι
645 3761 720 3838 poto
740 3753 820 3830 qood
837 3753 881 3813 od
898 3751 1097 3814 iaatsaeodosa
1109 3753 1212 3836 soram
1232 3752 1373 3814 steaooo
1393 3752 1519 3814 cadica
1533 3749 1657 3830 mutua
1667 3752 1779 3830 scota·

378 3899 380 3904 ,
435 3851 477 3912 od
501 3851 634 3913 bonoram
650 3863 725 3931 pom
746 3854 824 3932 qood
843 3854 885 3916 od
903 3849 1006 3918 memus
1027 3855 1167 3916 modom
1186 3859 1395 3931 amotioneraoc
1415 3853 1500 3914 lodus
1521 3856 1667 3916 cooeaicoe
1692 3852 1778 3914 ludos

435 3956 575 4016 mmeasee
598 3953 728 4023 relictum
740 3957 836 4034 suerit
855 3965 912 4016 cat
924 3955 1008 4034 pood
1025 3956 1069 4016 od
1087 3956 1254 4038 divisionem
1273 3956 1454 4034 diapsalmus
1474 3958 1577 4040 diriora
1596 3953 1644 4014 oei
1662 3955 1778 4034 epulcro

435 4055 565 4117 relictum
579 4057 683 4132 suerit.
719 4057 772 4118 loo
792 4057 918 4136 emplius
939 4059 1020 4138 quod
1038 4062 1070 4116 io
1090 4057 1228 4118 etsmeoo
1247 4057 1378 4134 infimos
1395 4061 1509 4131 octots'a
1527 4067 1603 4140 pato
1616 4055 1777 4116 emtoribus

434 4157 482 4218 uel
497 4161 601 4236 peteris
616 4157 792 4237 puellisque,
812 4157 943 4244 relictoue
957 4159 1062 4235 suerit,
1082 4159 1125 4220 ad
1137 4158 1270 4220 bonorare
1284 4161 1408 4220 ciuitatis
1417 4162 1566 4238 portiom
1578 4157 1776 4236 respondeas.

436 4255 544 4338 Neque
567 4259 640 4338 ipsa
662 4277 712 4319 res
739 4258 834 4342 dubia
857 4269 915 4320 eet.
958 4260 1123 4322 Ambitiosa
1149 4261 1264 4323 demoto
1291 4263 1488 4332 decumbam,
1509 4253 1699 4338 mpimw)
1724 4258 1776 4331 ait,

437 4362 565 4422 resciasdi
584 4361 699 4422 debeat.-
717 4361 840 4438 proinde
860 4372 892 4422 ut
912 4361 1014 4436 eolat,
1035 4365 1095 4424 eice
1113 4361 1240 4444 aliqum
1259 4359 1412 4426 ἅιὸἰιονιιιι
1430 4362 1592 4424 dimiserint
1602 4365 1663 4422 eice
1677 4359 1780 4438 loepiti

436 4472 506 4523 suot
529 4467 589 4524 eice
614 4465 790 4524 memorias
812 4464 848 4524 de
864 4463 981 4540 publico
1002 4464 1093 4535 oborti
1111 4463 1159 4524 ool
1175 4465 1303 4540 praedio
1323 4465 1370 4524 uel
1389 4464 1474 4528 octies
1491 4463 1539 4526 eet
1558 4473 1664 4524 certum
1684 4480 1779 4540 paon·

436 4570 558 4638 litatem,
584 4565 659 4626 nibil
684 4565 790 4626 calebit
814 4565 954 4626 &semodi
979 4566 1129 4628 meacu-
1174 4563 1454 4626 Sed-cmbitioaum
1480 4564 1634 4626 decretum
1654 4581 1694 4624 ue
1713 4570 1783 4624 tum

435 4666 556 4746 quidem
578 4673 677 4726 ratum
700 4683 778 4739 ease,
800 4685 868 4726 cum
888 4667 1081 4747 largitionem
1102 4664 1327 4752 quodammodo
1347 4673 1564 4739 mmuueretor,
1586 4675 1695 4726 utuoo
1714 4683 1779 4724 am·

434 4768 522 4848 bigui
541 4769 616 4830 iuria
639 4773 696 4842 cst,
717 4769 770 4841 ita,
792 4767 875 4845 quod
897 4767 1001 4842 sciam,
1021 4767 1094 4830 alibi
1115 4785 1177 4828 uon
1197 4775 1244 4828 cst
1265 4772 1416 4830 testatum.

513 5113 521 5146 ¹
526 5115 537 5178 l
566 5115 630 5177 Aut,
649 5113 673 5166 sl
691 5115 775 5180 magis
792 5113 885 5180 placet,
906 5109 966 5178 olet
979 5125 1029 5182 pro
1048 5111 1092 5178 eo]
1112 5110 1186 5180 poid3
1205 5112 1302 5165 tebolo·
1314 5113 1384 5164 culm
1403 5111 1453 5164 lroo
1472 5111 1530 5164 loco
1548 5104 1614 5164 blot

512 5203 537 5269 ¹)
565 5203 628 5272 Dlg.
642 5205 687 5269 30,
704 5207 756 5256 las
769 5221 809 5272 pr.

512 5294 538 5361 1)
565 5296 628 5364 Dig.
641 5297 688 5362 bt),
701 5299 729 5361 9,
743 5299 770 5350 ⁴.
