3784 5854
359 609 433 682 170
933 613 1110 667 coussnu:

399 803 489 865 Tunc
516 804 611 882 igiter
638 796 792 858 duumviri·
810 791 1006 870 Pompeiani,
1033 792 1086 868 qni
1112 811 1153 852 ex
1180 793 1375 861 decurionum
1401 800 1522 864 decreto
1551 810 1702 869 mensuri,

399 903 607 982 exaequandie
636 909 810 978 praeerant,
838 895 986 956 vocabula
1012 893 1096 955 ana
1123 915 1330 962 mensurarum
1357 906 1550 982 antiquarum
1581 909 1703 989 aeaipro

400 1007 483 1068 eradi
507 1008 671 1066 iusserunt.
714 999 774 1062 Sed
795 1018 857 1058 non
877 1007 993 1058 tantum
1019 997 1149 1074 proiecit
1168 999 1300 1078 lapicida
1320 1003 1353 1064 in
1373 1001 1433 1066 lroe
1454 1004 1634 1072 devastandi
1657 1011 1701 1071 ia·
1760 1080 1765 1087 Ι

399 1111 484 1181 bore,
505 1117 619 1166 utnon
641 1105 732 1164 trium
754 1100 970 1162 vocabulorum
992 1111 1093 1159 certae
1114 1101 1283 1164 litterarum
1303 1105 1463 1185 relliquiae
1484 1121 1644 1172 restarent

485 1207 621 1268 Primum
644 1223 708 1278 vos,
732 1205 782 1264 ubi
804 1203 951 1262 adonira
971 1211 1058 1280 perte
1079 1222 1236 1264 numerare
1257 1206 1416 1286 inceperis,
1437 1210 1528 1290 idque
1549 1215 1701 1275 maim„

401 1311 580 1389 capacitatis
600 1305 752 1387 quomodo
774 1303 958 1384 appellatum
980 1305 1021 1363 eit
1042 1323 1061 1363 a
1083 1302 1279 1382 Samnitibus,
1305 1309 1402 1372 nullia·
1419 1311 1588 1375 litterarum
1609 1318 1701 1378 reati·

403 1415 462 1493 giis
484 1412 643 1472 indicator.

486 1579 537 1641 Ad
560 1578 723 1640 secundum
747 1574 930 1658 adeeriptum
954 1585 1002 1636 eet
1023 1575 1204 1636 vocabulum
1228 1576 1358 1640 Oscumt

720 1712 845 1788 dlaeiis
1237 1735 1301 1796 bae.

486 1872 536 1934 Ad
559 1873 678 1932 tertium
702 1889 757 1932 rae
779 1879 901 1931 ειιειιιιι
922 1869 1043 1947 quidem
1067 1871 1234 1930 litterarum
1256 1892 1345 1932 rarae
1365 1873 1514 1952 quaedam
1536 1868 1703 1955 relliquiae,

403 1976 458 2037 aed
479 1995 533 2035 eae
555 1986 615 2036 ιιιιιι
639 1975 748 2036 dubiae
770 1983 801 2035 et
822 1975 985 2034 maximam
1007 1984 1124 2049 partem
1146 1973 1306 2048 evanidae,
1333 1987 1367 2035 ιιι
1392 1977 1464 2036 uiirii
1492 1980 1565 2038 certi
1594 1999 1633 2040 ex
1657 1981 1704 2040 eie

402 2079 441 2138 tle
461 2079 583 2139 nombre
605 2077 695 2136 liniue
717 2093 877 2135 mensurae
899 2073 1003 2152 colligi
1023 2075 1131 2154 posuit.

487 2199 537 2258 Ad
558 2207 698 2276 quartum
720 2197 892 2275 appositum
916 2207 963 2256 eat
983 2194 1176 2255 vocabulum:

720 2332 869 2406 ltt'tinlke
1239 2345 1350 2436 χοῖνεξ.

490 2489 540 2552 Ad
561 2490 699 2570 quintum
722 2489 851 2566 denique
873 2507 927 2548 ves
951 2487 1065 2550 incisae
1088 2489 1187 2550 adhuc
1210 2503 1357 2568 apparent
1378 2493 1513 2554 litteraer

723 2625 846 2702 aebeik
861 2683 870 2746 ἶ
887 2681 914 2720 .,

408 2786 451 2845 ita
472 2795 506 2844 ιιι
526 2792 597 2864 poet
617 2785 638 2843 lc
660 2803 720 2842 une
739 2782 786 2842 vei
809 2783 888 2842 dnae
909 2783 1027 2842 litterae
1049 2782 1166 2842 deletae
1188 2801 1257 2844 eane
1278 2785 1447 2846 rideantur.

447 2951 528 3013 Dedi
549 2953 625 3011 haec
647 2968 856 3011 mensurarum
878 2947 1026 3010 vocabula
1046 2969 1086 3010 ex
1106 2951 1226 3029 ectypia
1247 2961 1279 3010 et
1299 2953 1500 3032 apographie,
1525 2973 1603 3032 quae
1625 2955 1708 3016 rniait

356 3053 396 3116 G.
425 3055 464 3115 de
492 3053 595 3125 Petra,
630 3053 814 3132 comparatio
850 3045 1035 3131 apographis
1070 3071 1090 3110 a
1125 3051 1185 3112 Tir.
1222 3053 1391 3116 Mommsen
1427 3073 1524 3134 nuper
1561 3059 1704 3136 acceptis.

359 3158 476 3216 Diutiie
498 3156 609 3233 scripsi
631 3155 699 3216 cuni
721 3157 821 3215 Mauo.
843 3165 875 3214 et
896 3155 1048 3226 Mourena,
1071 3153 1107 3212 de
1127 3154 1233 3214 Petra:
1257 3156 1360 3216 diocle.

446 3257 639 3327 Vocabulum
661 3257 763 3335 quarti
785 3258 869 3320 vesle
891 3251 1009 3317 &lette
1031 3257 1163 3316 Mancini
1185 3257 1252 3318 eine
1274 3255 1369 3317 dubio
1390 3269 1472 3320 recta
1492 3260 1707 3338 interpretatus

360 3372 409 3420 eet
429 3351 574 3441 χοῖνιξ,
595 3359 736 3438 quoniam
754 3358 836 3418 Osee
856 3358 959 3418 littera
972 3357 993 3416 it
1005 3377 1062 3436 pro
1077 3357 1199 3421 Graeca
1213 3381 1242 3438 q,
1262 3359 1353 3420 etiam
1375 3359 1408 3421 in
1423 3361 1601 3440 cognomine
1615 3361 1709 3424 Pom·
1777 3403 1781 3410 -

361 3464 473 3538 pelano
494 3462 592 3522 levia:
630 3461 801 3520 Meeltir'ieie
822 3479 879 3538 pro
908 3452 1063 3538 Μειλιχίου
1101 3460 1217 3535 aoripta
1250 3479 1287 3522 ac
1307 3461 1502 3540 pronontiata
1532 3473 1590 3524 eat.
1623 3463 1706 3524 idem

362 3564 409 3626 vir
423 3567 531 3625 doctae
549 3563 711 3634 intellexit,
733 3563 765 3622 in
780 3581 853 3623 voce
868 3561 985 3634 dieeiie,
1006 3581 1068 3639 quo
1083 3564 1216 3623 necunde
1229 3581 1373 3625 mensura
1388 3564 1585 3642 significatur,
1606 3564 1708 3626 ineaee

363 3669 487 3745 atirpenr
512 3667 627 3727 numeri
648 3664 760 3726 binarii
780 3666 842 3738 ‹ii-3
864 3663 920 3726 aad
934 3665 1096 3742 quominus
1110 3665 1269 3726 credeniue
1285 3685 1353 3726 eam
1367 3685 1438 3728 eene
1451 3666 1581 3744 airnplex
1595 3685 1705 3729 nomen

361 3787 430 3828 curn
452 3785 544 3828 aenan
565 3767 680 3829 Graeci
701 3759 833 3836 diaetae,
858 3764 962 3830 Latini
984 3765 1091 3844 duplae
1113 3767 1163 3827 vei
1184 3765 1306 3845 duplex,
1331 3767 1455 3829 obatare
1476 3767 1604 3843 ridetur,
1625 3767 1706 3846 quod

363 3889 420 3930 nec
441 3867 552 3931 Graeci
574 3888 629 3930 nec
650 3869 781 3930 Romani
804 3869 853 3928 hia
875 3868 1032 3932 adiectivia
1058 3869 1219 3930 utebantur
1239 3867 1281 3930 ad
1302 3886 1474 3930 mentorum
1495 3889 1597 3931 rerum
1617 3869 1709 3949 liqui·

363 3972 470 4033 darnru
492 3971 731 4048 significandum,
754 3991 810 4033 neo
825 3970 971 4034 credibile
991 3977 1040 4031 eet
1053 3969 1203 4032 vocabulo
1223 3969 1406 4045 huiuamodi,
1428 3972 1509 4050 quod
1528 3969 1641 4032 indicet
1654 3969 1708 4031 dn·

362 4073 474 4152 piieern
495 4073 632 4146 modum,
662 4073 808 4152 appellari
835 4073 868 4133 id
887 4085 960 4146 uae,
985 4073 1068 4152 qnod
1093 4072 1125 4134 in
1146 4071 1357 4152 antiquietima
1381 4090 1506 4134 maneae
1528 4071 1710 4134 mensuralis

363 4176 465 4236 forme
486 4185 721 4237 consentaneum
743 4185 792 4235 eet
813 4175 978 4236 secundnm
994 4175 1170 4254 capacitatis
1192 4174 1292 4236 ioenrn
1313 4175 1459 4250 tennione,
1481 4185 1515 4236 nt
1536 4185 1607 4254 pont
1626 4191 1711 4236 nuen-

364 4297 452 4341 euraa
466 4278 670 4360 einertugnati
682 4288 817 4356 tempore
835 4278 1017 4342 immutatae.
1043 4277 1155 4356 Itaque
1165 4277 1280 4340 anunr
1290 4278 1437 4338 decreta
1447 4293 1543 4358 paene
1553 4277 1633 4339 idem
1644 4295 1712 4336 eeae

366 4380 546 4441 vocabulum
562 4369 763 4457 compositura
784 4379 916 4441 arbitror
936 4379 1128 4442 ecLatinum
1150 4380 1221 4451 ter,
1244 4380 1324 4460 quod
1346 4397 1364 4440 e
1385 4375 1544 4454 'ii-eeai-e,
1564 4379 1714 4440 'limet-r

368 4493 468 4542 ortum
489 4498 561 4544 eaae
581 4482 798 4556 demonstrari,
821 4483 1005 4564 comparatis
1026 4483 1153 4544 uocibus
1176 4485 1396 4561 quoqa-reete,
1418 4485 1554 4544 Μαι-ι*
1566 4497 1623 4560 pro
1644 4479 1715 4539 *tri-

365 4585 462 4653 eati-a.
476 4585 634 4646 tt-eeeete
647 4602 703 4663 pro
718 4585 939 4657 ’bidan-craia,
955 4588 1064 4660 rem-ie,
1084 4585 1130 4646 ita
1143 4593 1178 4646 ιιι
1191 4585 1252 4646 Μ
1266 4585 1390 4664 proprie
1403 4585 1481 4646 daea
1496 4592 1599 4660 partu
1613 4587 1714 4642 tutior

365 4689 442 4747 narie
461 4685 559 4764 pondo
580 4687 745 4764 significet,
771 4697 836 4747 tum
857 4685 935 4748 duae
955 4694 1059 4768 partae
1081 4687 1187 4748 tertiae
1212 4685 1444 4767 qualiacumque
1470 4685 1516 4747 rei
1544 4684 1652 4758 uuae,
1679 4697 1715 4744 nt

364 4788 457 4847 modii
480 4807 579 4848 rarum
601 4786 757 4849 aridarum
780 4797 810 4848 et
831 4779 957 4850 sextarii
978 4789 1163 4868 liquidarum
1185 4807 1286 4850 rerurn
1308 4797 1338 4850 et
1360 4789 1456 4870 iugeri
1478 4787 1543 4865 agri
1569 4786 1713 4864 (aeepr.

367 4889 414 4960 II,
429 4888 500 4952 413,
511 4889 583 4962 681,
603 4893 648 4951 ed
663 4893 692 4951 2.
726 4891 825 4951 Pauli.
843 4893 919 4953 Fert.
934 4891 979 4950 M.
998 4911 1032 4972 p.
1048 4891 1101 4952 33.
1117 4915 1119 4920 ·
1133 4890 1266 4953 Scribon.
1284 4892 1415 4970 emper.
1430 4892 1531 4954 medie.
1546 4890 1619 4951 1⁵7.
1652 4887 1714 4949 Cia.

365 4991 426 5050 Art.
442 4991 465 5051 I
470 4988 503 5064 V,
522 4995 572 5064 15,
599 4994 627 5056 7.
670 4992 751 5053 Ptin.
770 4992 866 5054 ΜΗ.
884 4993 1013 5065 XVIII,
1038 4996 1083 5067 11,
1100 4993 1149 5054 26.
1173 4993 1208 5054 S.
1225 4992 1323 5058 Serti.
1343 4997 1364 5054 i.
1387 5009 1412 5054 c.
1427 4993 1493 5052 126.
1536 4990 1630 5053 Mart.
1653 4989 1714 5060 XI,

368 5092 419 5164 36,
439 5095 467 5154 7.
514 5091 626 5154 Colum.
644 5095 680 5168 V,
700 5097 745 5174 1).
789 5095 897 5174 ltaque
920 5093 1034 5155 Oscum
1056 5095 1258 5174 compositum
1281 5096 1423 5157 diae-iic
1434 5106 1465 5155 et
1484 5093 1628 5154 Latinum
1656 5091 1718 5154 ὸ-ιι

361 5215 418 5273 pro
453 5196 620 5272 ‘bi-erait,
672 5197 824 5259 'ii-oeric
870 5219 911 5260 ex
957 5199 1062 5258 eadem
1104 5199 1198 5278 etirpe
1232 5198 1340 5260 italica
1380 5197 1537 5258 *dui-oeae·-
1573 5193 1717 5256 videntur

361 5309 428 5360 orto
472 5318 551 5377 ease,
596 5304 633 5364 ud
678 5321 770 5380 quum
814 5301 897 5365 Oece
941 5303 1043 5365 adfixa
1085 5310 1133 5364 eet
1175 5301 1326 5382 particula
1368 5302 1420 5364 ·io.
1489 5301 1592 5380 Atque
1637 5299 1716 5360 hane
