3812 5856
420 473 495 546 356
867 489 1147 544 cuntramnus
1164 489 1308 546 voum

420 667 567 728 habebam
591 684 644 742 pro
666 672 741 726 teste
764 683 824 724 uon
846 664 961 740 optimo
983 683 1037 726 nec
1061 665 1255 740 peritissimo,
1282 667 1338 726 sed
1366 673 1464 726 nmen
1487 663 1612 738 idoneor
1642 675 1676 724 at
1696 666 1775 725 sub-

420 770 557 829 dubitare
579 767 679 844 coepi,
706 775 869 844 postquam
890 785 958 826 sum
986 767 1167 846 deprehendi
1188 767 1276 827 titulo
1299 788 1329 826 n.
1344 767 1425 828 3711
1452 767 1633 828 Diocletiani
1655 786 1770 828 nomen

420 872 508 950 qussi
530 873 568 930 de
588 869 689 946 lapide
712 869 905 942 inferentem,
935 878 1093 946 propterea
1119 869 1201 948 quod
1222 869 1342 930 Aurelii
1362 869 1480 930 Valerii
1505 870 1629 930 nomina
1654 869 1772 930 Rome-

420 991 474 1035 rus
495 973 538 1034 ibi
562 982 714 1050 posuerat,
735 988 802 1032 oum
825 971 901 1031 satis
924 979 1077 1032 constaret
1098 973 1210 1049 requiri
1232 973 1273 1032 ibi
1297 973 1436 1032 Flavium
1460 971 1626 1044 Valerium,
1648 972 1775 1032 scilicet

422 1076 643 1137 Constantium.
689 1075 794 1152 ltaque
816 1093 883 1135 eum
906 1079 938 1134 in
960 1093 995 1133 eo
1017 1092 1126 1150 essem,
1150 1083 1182 1132 ut
1204 1076 1328 1136 inventa
1349 1094 1368 1134 a
1390 1076 1584 1152 Desjsrdinio
1607 1075 1647 1134 ad
1666 1075 1773 1154 ipsias

422 1179 584 1238 editionem
596 1177 735 1237 ordinata
748 1175 819 1235 huic
833 1177 1018 1254 ephemeridi
1033 1177 1205 1251 insererem,
1222 1178 1343 1238 substiti
1357 1179 1492 1256 inopere
1507 1195 1682 1254 mecumque
1694 1194 1772 1237 oon·
1881 1217 1882 1220 =

422 1281 507 1341 stitui
524 1280 703 1340 Pestinsuse
725 1297 861 1340 museum
885 1280 1005 1340 tertium
1028 1279 1121 1352 adire,
1143 1291 1305 1358 antequam
1327 1281 1365 1340 de
1380 1280 1623 1357 Desjsrdiuisnis
1646 1279 1772 1358 publice
1881 1295 1882 1304 ¹

422 1384 568 1444 iudicium
589 1381 709 1442 ferrem.
753 1381 905 1458 Receptus
928 1382 1019 1459 igitur
1040 1381 1156 1442 Pestini
1180 1384 1218 1442 ab
1239 1383 1345 1444 amicis
1368 1383 1460 1443 solita
1473 1383 1614 1442 comitate
1635 1402 1699 1442 rem
1719 1383 1771 1441 in·
1881 1361 1882 1434 Ῠ

423 1485 569 1564 vestigari
590 1495 620 1543 et
641 1490 761 1562 practer
782 1485 1025 1560 expectationem
1052 1493 1148 1545 totum
1176 1485 1317 1546 volumen
1344 1485 1527 1564 deprehendi
1553 1485 1635 1545 mala
1661 1485 1771 1544 fraude
1881 1493 1882 1496 ’

422 1598 453 1649 et
479 1596 625 1667 perpetus
650 1587 884 1664 interpolatione
912 1586 1102 1662 inquinatum
1130 1604 1208 1648 esse.
1256 1587 1336 1648 Nam
1370 1600 1404 1648 ιιι
1434 1589 1465 1647 in
1495 1588 1549 1648 illo
1574 1589 1680 1660 titulo,
1713 1587 1771 1646 ubi

423 1689 635 1766 Desjardinius
670 1689 764 1746 edidit
784 1687 1144 1760 navsvnsemomoclll,
1178 1691 1218 1749 ibi
1251 1708 1321 1750 rere
1352 1701 1400 1750 est
1421 1705 1532 1751 ruavro
1549 1705 1682 1750 vasseio
1711 1709 1769 1746 uec
1881 1693 1882 1750 ζ

424 1797 584 1870 quicquam
607 1791 747 1870 arnplius,
776 1792 819 1850 ita
841 1791 953 1851 similia
974 1801 1098 1870 peecata
1120 1793 1234 1870 passim
1257 1793 1398 1866 redeunt3
1426 1803 1458 1852 et
1477 1811 1515 1852 ne
1536 1803 1622 1870 putes
1646 1795 1673 1851 in
1697 1792 1771 1850 solo

425 1915 526 1955 errore
542 1913 604 1954 rem
619 1895 797 1964 consistere,
812 1893 854 1952 ibi
865 1895 1126 1972 impudentissime
1138 1897 1201 1956 fere
1213 1897 1364 1966 mentitur,
1377 1895 1427 1956 ubi
1440 1897 1469 1954 iu
1483 1895 1614 1956 editione
1625 1893 1773 1954 Parisino

425 1999 534 2058 collata
549 2015 605 2055 sue
620 1995 748 2056 lectione
763 2012 889 2073 meaque
905 1998 1141 2058 controversiam
1156 1997 1299 2058 diiudicat
1318 1998 1453 2077 allegatis
1471 1997 1597 2075 ectypis.
1643 1995 1771 2058 Grauia·

424 2103 503 2161 sima
529 2101 603 2156 baec
629 2099 782 2158 accusatio
805 2119 842 2158 ne
864 2099 1048 2176 argumentis
1073 2100 1263 2173 destituatur,
1291 2102 1329 2161 sd
1357 2101 1496 2180 singulos
1524 2101 1630 2159 titulos
1653 2100 1769 2158 variam
1881 2139 1882 2186 3

426 2204 583 2265 lectionem
607 2219 703 2260 nicam
727 2211 756 2260 et
776 2199 1038 2274 Desjsrdinianum
1060 2203 1228 2280 composui,
1250 2221 1327 2280 quae
1349 2203 1470 2279 quidem
1491 2203 1607 2290 aliquid
1625 2202 1772 2261 momenti
1881 2235 1882 2238 =

425 2307 559 2374 baberet,
582 2317 611 2362 ct
633 2311 665 2364 ut
686 2320 769 2362 meos
790 2321 908 2364 errores
931 2322 989 2364 nou
1013 2306 1128 2376 reticui,
1152 2307 1195 2365 ita
1211 2304 1463 2382 Desjardinisnos
1485 2323 1605 2382 quoque
1621 2305 1769 2364 indicari.

426 2406 507 2468 Nem
530 2425 707 2486 quamquam
732 2405 882 2466 eiusmodi
904 2407 1124 2466 confutationes
1148 2407 1246 2484 adbuc
1267 2425 1392 2486 semper.
1408 2408 1578 2486 contempsi
1600 2425 1661 2468 non
1682 2407 1774 2484 igno-

426 2529 499 2572 raus
522 2509 659 2586 equidem
682 2526 774 2588 quam
796 2508 837 2568 ait
859 2511 1029 2570 necessaria
1053 2513 1151 2569 etiem
1171 2513 1200 2572 iu
1222 2492 1355 2570 mldimis
1377 2521 1408 2569 et
1430 2503 1603 2588 adiaphoris
1626 2517 1770 2568 accurata

427 2613 525 2686 lectio,
548 2611 602 2671 red
624 2611 790 2672 abhorrens
814 2630 833 2670 a
854 2611 1072 2672 consuetudine
1094 2631 1197 2672 eorum
1222 2617 1355 2673 virorum
1380 2613 1548 2682 doctorum,
1576 2613 1629 2688 qui
1651 2614 1782 2690 Aprum,
1881 2589 1882 2640 l

425 2719 537 2776 iactum
561 2731 630 2774 esse
651 2732 691 2773 ex
706 2715 788 2791 Apte
810 2731 966 2789 annosque
989 2713 1034 2774 Xl
1059 2716 1239 2776 substitutos
1261 2733 1316 2795 pro
1337 2715 1368 2774 X
1388 2716 1502 2793 populo
1523 2716 1664 2775 nuntiant
1685 2713 1770 2772 tibiis
1881 2751 1882 2778 1

429 2819 567 2897 tubisque
589 2815 824 2882 concinentibus,
851 2816 901 2875 hic
922 2817 982 2874 iam
1005 2816 1134 2878 uliares
1157 2819 1265 2895 agitor,
1298 2817 1416 2878 scilicet
1437 2819 1536 2878 malas
1557 2817 1627 2877 ildei
1649 2816 1772 2894 publiea

427 2920 588 2982 accusatio.
633 2919 681 2978 Ea
702 2919 795 2995 igitur
810 2937 945 2978 errorum
961 2920 1103 2978 refutatio
1126 2921 1204 2980 infra
1226 2927 1425 3000 proponebam
1453 2919 1600 2980 hocloco
1622 2921 1770 2996 quaedam

426 3035 536 3102 ponam
570 3023 731 3082 observata
762 3021 793 3080 iu
826 3019 999 3096 diplomatis
1027 3032 1242 3082 veteranorum.
1287 3021 1417 3082 Errores
1448 3022 1480 3081 in
1512 3022 1549 3080 iis
1581 3021 1706 3080 edendis
1738 3023 1770 3080 iu

426 3125 563 3203 Corpore
590 3125 744 3184 commissi
776 3123 858 3200 apud
879 3122 1104 3199 Desjardinium
1138 3125 1333 3204 conspicuum
1365 3125 1466 3185 locum
1498 3135 1647 3206 occupant
1672 3143 1770 3202 eoque

427 3229 570 3288 maiorem
594 3227 680 3286 fldem
704 3227 763 3286 sibi
785 3225 937 3286 vindicant
958 3228 1041 3302 qnod
1062 3227 1108 3286 sic
1129 3227 1173 3288 ibi
1196 3235 1347 3288 monetur:
1373 3247 1448 3305 pour
1470 3228 1510 3286 les
1533 3227 1671 3306 diplomes
1693 3227 1769 3285 miti-

427 3335 527 3406 toirss,
549 3349 579 3390 cs
600 3341 665 3391 scut
686 3330 727 3390 les
749 3345 928 3406 estarnpapss
949 3331 1117 3390 erm-memes
1133 3350 1187 3408 qne
1208 3350 1280 3390 nous
1302 3349 1392 3392 aucas
1410 3330 1526 3407 publice
1549 3347 1583 3389 ers
1601 3348 1620 3406 y
1639 3329 1773 3404 ojoutont
1881 3361 1882 3386 ι

428 3435 459 3493 la
480 3435 640 3495 coloration
661 3434 712 3492 dea
732 3442 906 3492 ιιιοιιιιιιισιιιι
928 3435 1093 3508 oripinaus.
1138 3433 1344 3494 Recenseutnr
1365 3431 1473 3493 deiude
1494 3432 1527 3492 in
1549 3431 1675 3512 singulis
1696 3431 1772 3510 legi·
1881 3503 1882 3520 χ

427 3537 483 3597 bus
506 3553 624 3596 errores
646 3533 802 3596 commissi
823 3533 862 3595 ad
883 3535 942 3593 hoc
963 3535 1150 3612 exemplum:

566 3721 680 3799 Corpus
697 3741 730 3800 p.
747 3717 814 3783 855
835 3719 969 3799 (contulit
989 3721 1179 3798 nnuman
1361 3721 1405 3782 Oa
1426 3719 1460 3780 te
1481 3719 1573 3782 rarle
1594 3728 1771 3780 monument.-

472 3861 489 3918 1
494 3864 520 3894 *ι
533 3863 614 3938 sere.
638 3869 692 3919 est.
720 3860 740 3918 l.
768 3859 804 3920 13
941 3875 979 3918 ν·
991 3873 1218 3921 muunscoavm
1439 3874 1478 3917 v·
1491 3873 1708 3918 cnsuarconvn

470 3956 524 4020 2³·
575 3994 587 4006 -
658 3994 663 4002 -
717 3961 737 4019 l.
785 3962 803 4020 3
940 3975 1051 4021 cucur
1439 3975 1564 4020 casn

573 4095 584 4108 ·
658 4095 670 4107 ·
717 4064 736 4121 l.
785 4063 804 4120 4
942 4079 1087 4122 sex-nnn
1441 4077 1590 4122 seusun

472 4167 520 4226 1⁸
572 4198 584 4210 ·
634 4169 685 4224 int.
713 4165 733 4223 l.
788 4167 800 4222 l
942 4163 1150 4226 illias-nlvl
1440 4163 1743 4224 inuesinenter

656 4298 668 4311 -
713 4266 732 4325 i.
785 4267 803 4324 3
941 4280 1021 4326 cos·
1440 4273 1570 4326 cos-tsi

576 4400 589 4414 -
658 4401 670 4412 -
712 4369 732 4428 t.
765 4369 803 4428 14
941 4261 1278 4430 erud-sasvccavn
1441 4384 1475 4428 ιι
1494 4377 1729 4430 insnevcorvn

473 4554 550 4618 Cum
573 4555 699 4617 tabellas
721 4555 893 4634 recognovi.
916 4555 983 4634 ipse
997 4555 1072 4616 meis
1096 4557 1195 4616 oculis
1211 4555 1347 4618 diffidere
1363 4555 1447 4633 coepi
1471 4555 1676 4635 &vocarique
1698 4557 1766 4617 arei·

431 4679 495 4733 cos,
523 4668 557 4719 ut
582 4667 677 4720 testes
704 4658 778 4718 mibi
804 4669 905 4718 essent
930 4659 961 4719 in
989 4679 1022 4717 re
1050 4659 1203 4736 praesenti
1231 4658 1457 4738 Desjardinium
1484 4677 1550 4718 curn
1580 4659 1681 4720 sexies
1707 4679 1767 4720 cur-

430 4763 553 4835 rcxerit,
575 4762 676 4821 sexies
698 4761 853 4820 mentitum
881 4779 958 4822 esse.
1003 4761 1163 4822 Mentitnru
1190 4762 1273 4834 dico;
1307 4779 1375 4822 nam
1399 4761 1430 4820 in
1459 4761 1580 4822 tabellis
1608 4761 1645 4820 iis
1673 4765 1768 4822 ornnis

433 4865 604 4926 clarissima
624 4864 792 4924 certissima
813 4863 1040 4924 evidentissima
1062 4874 1141 4938 sunt,
1164 4875 1249 4924 utne
1265 4883 1337 4942 pucr
1353 4863 1474 4941 quidem
1496 4883 1535 4924 ex
1561 4864 1635 4922 tulin
1650 4865 1766 4924 ltullum

434 4971 531 5028 fucere
554 4969 659 5046 possit.
704 4967 809 5044 ltaque
824 4965 980 5028 sollemnis
1003 4963 1055 5026 illa
1077 4969 1114 5027 dc
1136 4969 1251 5046 ectypis
1273 4965 1473 5045 praescriptio
1489 4973 1520 5026 st
1540 4966 1609 5044 ipsa
1630 4967 1768 5027 ementita

435 5073 476 5132 sit
497 5088 620 5130 necesse
641 5077 702 5140 est3
725 5069 816 5130 immo
838 5069 1004 5130 tabularum
1029 5069 1340 5146 Desjsrdinianarum,
1362 5069 1554 5149 paucissimis
1576 5067 1712 5148 exceptis
1733 5069 1766 5128 ad

435 5176 502 5254 ipsa
524 5183 716 5234 monuments
737 5172 903 5250 expressis,
924 5175 1028 5234 eedem
1044 5170 1119 5234 tides
1139 5183 1186 5234 est
1207 5179 1299 5252 atqua
1313 5175 1521 5253 exemplorum
1541 5172 1624 5250 typis
1645 5173 1767 5252 impres·
