3848 5850
426 530 498 604 142
859 545 1174 600 sunmsmnnruu
1190 547 1275 599 vor..
1293 549 1324 598 11

423 721 577 782 sustinuit.
621 717 702 781 Sana
728 737 783 796 per
809 735 843 780 se
867 716 977 778 mirum
1003 726 1053 778 est
1073 717 1206 778 IIuirum
1232 718 1324 778 simul
1353 727 1383 778 et
1405 719 1555 796 praetoris
1577 728 1608 779 et
1628 720 1766 796 petitoria

422 822 524 882 officio
545 819 646 898 innam
669 819 723 880 sed
744 821 788 880 ita
807 819 840 880 in
861 819 929 899 lega
949 827 1070 880 cantum
1091 829 1149 894 est,
1170 829 1393 900 excuseturque
1414 839 1452 879 es
1472 820 1576 880 iudicii
1593 821 1766 904 constitutio

422 922 647 1000 quedammodo
668 939 715 994 ec,
737 920 820 1000 qued
841 941 910 982 curn
932 921 1129 1002 magistratus
1143 921 1195 999 qui
1208 922 1295 1000 petit,
1318 939 1378 999 qun
1393 929 1528 1000 ternpore
1543 923 1580 981 de
1594 942 1631 982 ea
1643 942 1677 981 re
1690 922 1767 982 iudi·

423 1026 503 1085 cium
528 1023 595 1084 deri
608 1029 748 1100 'apamen
776 1023 842 1083 sine
862 1022 946 1084 iusta
965 1039 1060 1084 caum
1079 1041 1142 1084 non
1162 1022 1264 1095 adeat,
1291 1041 1329 1082 ec
1352 1023 1475 1083 absente
1495 1023 1638 1084 iudicium
1660 1023 1767 1084 nihilo·

423 1126 524 1188 minus
538 1119 938 1204 pertetur1);.saueenim
951 1123 1222 1204 indeintellegitur
1235 1124 1366 1186 IIvirnm
1381 1125 1503 1184 nornine
1518 1127 1615 1203 magis
1629 1105 1720 1204 quarn
1734 1144 1768 1186 re

425 1227 536 1288 actoris
556 1225 694 1303 partibus
712 1225 848 1288 iunctum
869 1243 948 1286 esse.
990 1223 1072 1286 Nam
1094 1225 1232 1304 privatus
1253 1227 1281 1286 si
1302 1225 1443 1286 similiter
1463 1228 1564 1300 abest,
1586 1245 1647 1288 nnn
1669 1228 1767 1288 selum

424 1329 569 1390 indicium
597 1328 739 1401 solvitur,
765 1327 821 1388 sed
846 1328 938 1404 etiam
965 1335 1049 1388 actor
1069 1327 1108 1388 ab
1129 1327 1188 1388 noe
1208 1343 1318 1405 genere
1338 1327 1516 1388 indiciorum
1530 1328 1568 1387 'in
1590 1335 1767 1408 perpetuum

427 1438 556 1492 arcetur.
585 1473 588 1479 -

292 1549 408 1600 sreusa·
509 1531 731 1592 Excueaticues
747 1529 882 1592 absentis
894 1521 1035 1609 petituris
1049 1539 1262 1591 enumerantur
1276 1509 1419 1612 septena:¹
1434 1532 1466 1608 1)
1488 1533 1610 1592 morbus
1624 1533 1767 1605 sonticne,

309 1624 393 1706 ⁶⁰⁰⁸?
413 1633 461 1712 ¹2)
483 1632 702 1706 vadimonium,
730 1632 764 1708 ³)
783 1631 945 1705 indicium,
977 1632 1010 1709 t)
1032 1631 1228 1704 sacrificium,
1259 1632 1293 1710 5)
1314 1633 1406 1694 funus
1428 1613 1591 1706 familiare,
1620 1633 1654 1710 6)
1675 1635 1769 1694 leriae

303 1701 400 1748 'cmm
427 1733 595 1809 denicalee‚
618 1735 653 1811 7)
674 1734 870 1812 magistratus
889 1742 1064 1812 poustmre
1084 1734 1189 1812 populi
1209 1733 1352 1794 Romani.
1393 1733 1514 1796 Harum
1534 1753 1693 1796 musarum
1714 1717 1786 1796 sea

425 1836 543 1916 primae
566 1833 705 1897 videntur
725 1835 879 1914 proficisci
900 1853 940 1896 ea
960 1835 1039 1914 ipais
1058 1835 1124 1896 xli
1146 1835 1272 1910 tabulis,
1297 1835 1349 1896 nbi
1371 1837 1416 1896 sic
1435 1837 1638 1914 perscriptum
1659 1835 1718 1896 tuit
1737 1833 1771 1896 in

426 1938 576 2000 sccundus
593 1937 718 1998 tabulae
739 1936 872 1998 secunda
891 1921 973 2014 leget
994 1937 1117 1998 nortur-
1130 1940 1258 2004 sonticas
1279 1947 1332 1998 aaut
1350 1945 1443 1997 statua
1465 1938 1527 1999 dica
1548 1956 1611 1996 cum
1632 1937 1710 1996 hosts

427 2039 597 2119 quidquid]
619 2040 721 2098 loram
734 2041 799 2115 snit
818 2039 1018 2099 unumiudici
1036 2039 1182 2098 viarm
1199 2057 1283 2125 reone
1300 2041 1408 2111 sudis,
1430 2037 1517 2116 [dies]
1536 2039 1650 2118 diffsus
1665 2037 1769 2116 erte2).

425 2141 563 2202 Indidem
590 2140 704 2200 dudnrn
730 2139 915 2200 intellectum
940 2139 1144 2218 estpendera
1170 2157 1294 2214 mesu,
1323 2149 1447 2218 propter
1471 2158 1549 2218 quas
1573 2140 1663 2200 militi
1689 2140 1771 2200 iactu

427 2243 467 2304 ad
492 2243 573 2302 diem
598 2261 659 2304 ucn
686 2243 795 2302 adesse
821 2249 902 2302 reate
927 2241 1054 2315 licebat,
1082 2241 1129 2302 sic
1153 2239 1266 2302 relatas
1291 2241 1372 2318 apud
1398 2240 1547 2302 Gellium:
1566 2243 1662 2316 sunus
1680 2242 1761 2317 sarai

429 2347 517 2416 licre,
538 2347 669 2421 sericeas
695 2343 841 2404 dmmelas
866 2334 942 2420 cuae
966 2360 1025 2402 eru
1051 2345 1112 2404 sius
1138 2347 1183 2402 rei
1208 2361 1298 2404 eausa
1322 2341 1355 2402 ln
1380 2361 1443 2403 ortes
1462 2344 1537 2404 dias
1556 2332 1680 2404 cotum
1704 2347 1772 2415 sint,

427 2464 484 2524 qao
505 2449 533 2505 is
554 2463 586 2504 se
608 2441 657 2504 dis
672 2449 770 2506 minua
791 2446 832 2506 i&
851 2453 939 2517 mast,
960 2443 1075 2504 merlus
1096 2448 1239 2516 sonticus,
1261 2448 1455 2522 amputans
1475 2447 1555 2524 qued
1573 2447 1637 2504 aias
1653 2445 1772 2522 plauto

423 2550 588 2625 pressam
610 2564 668 2607 aaa
693 2547 794 2621 liccat,
821 2547 1029 2624 scmficiutuns
1048 2549 1294 2618 annumerem,
1320 2546 1400 2624 qaod
1418 2557 1491 2606 reete
1505 2547 1574 2624 fieti
1592 2549 1773 2622 respersit,

427 2653 487 2709 aiat
512 2653 594 2726 iperet
616 2667 649 2708 ec
671 2648 717 2708 die
737 2649 780 2708 itt
800 2651 852 2720 tit,
878 2651 923 2707 nis
944 2647 1085 2720 lustau,
1111 2656 1204 2708 status
1225 2649 1406 2708 condictusve
1427 2649 1488 2708 dies
1508 2665 1571 2706 casa
1591 2647 1679 2708 iuste.
1721 2646 1772 2706 Ad

429 2751 553 2829 singula
573 2750 657 2826 quod
678 2749 802 2821 attinet,
830 2747 868 2809 da
888 2749 994 2808 morbo
1015 2747 1134 2810 eunuco·
1156 2748 1347 2826 exploratum
1369 2758 1426 2808 est.
1469 2747 1682 2808 Vadimonium
1703 2766 1773 2808 con·

427 2853 563 2922 iunctum
589 2859 638 2912 cst
662 2868 733 2912 eum
757 2867 795 2910 eo
816 2851 868 2928 qui
890 2850 922 2909 in
942 2847 1010 2910 xn
1032 2850 1145 2910 tabulis
1166 2859 1197 2910 et
1217 2850 1386 2911 iuramento
1407 2849 1532 2910 militari
1552 2851 1676 2930 ponitur
1697 2859 1773 2910 stete

430 2955 476 3014 dia
496 2971 560 3012 aaut
580 2951 672 3026 λοοκς
698 2969 769 3018 nam
790 2959 889 3010 status
911 2949 1067 3012 dicacem
1088 2951 1192 3024 hoste,
1217 2951 1245 3011 si
1266 2951 1340 3030 quid
1361 2950 1466 3024 viden,
1486 2951 1587 3028 ipsum
1615 2959 1664 3012 est
1690 2951 1773 3011 radi·

429 3055 568 3116 menium
593 3054 705 3113 factum
734 3071 802 3112 cum
829 3053 1000 3132 peregrino.
1048 3051 1198 3114 Iudicium
1229 3072 1249 3112 a
1275 3054 1446 3114 iuramento
1473 3053 1560 3114 abest
1587 3054 1653 3116 sine
1680 3049 1773 3112 dubio

428 3163 591 3234 propterca
617 3153 700 3231 qnod
725 3171 763 3216 ao
790 3153 912 3214 nomine
939 3153 1027 3214 miles
1054 3155 1136 3232 apud
1162 3155 1289 3216 iudicem
1308 3151 1496 3230 'excusatum
1522 3172 1585 3218 nen
1612 3163 1775 3216 saansaan

428 3257 511 3336 apud
532 3257 648 3326 ducem.
685 3239 891 3328 Sacrificium,
907 3253 998 3316 funus
1016 3254 1176 3330 familiare,
1198 3256 1292 3318 feriae
1313 3255 1467 3316 denicalae
1488 3256 1615 3316 redeunt
1635 3255 1667 3318 in
1686 3255 1775 3316 iuria·

429 3357 550 3418 iurandi
575 3357 715 3424 formula.
760 3345 899 3436 Septima
922 3365 1022 3418 autem
1048 3359 1207 3419 excusatio
1233 3359 1358 3437 propria
1381 3367 1430 3418 est
1454 3357 1567 3419 iudicia
1587 3357 1774 3434 municipali,

385 3451 387 3456 ’
429 3466 463 3519 nt
484 3457 602 3520 scilicet
621 3459 803 3536 quicumque
823 3465 948 3537 prepter
968 3459 1179 3538 magistratum
1200 3458 1354 3537 pubiicum
1376 3459 1481 3537 pepuli
1497 3457 1626 3522 Romani
1643 3458 1676 3518 id
1690 3459 1775 3522 obire

429 3561 544 3637 nequit,
567 3560 691 3638 perinde
712 3570 884 3621 excusetur.
906 3591 950 3606 ··-
975 3560 1117 3638 Denique
1136 3580 1199 3621 non
1219 3559 1416 3622 omittendum
1437 3569 1486 3620 est
1506 3560 1544 3620 da
1565 3560 1615 3620 his
1634 3560 1774 3640 petitoris

430 3661 687 3736 excusationibus,
711 3671 793 3723 certe
814 3663 867 3722 ubi
887 3662 999 3740 petitor
1019 3661 1156 3740 privatus
1178 3671 1235 3736 est,
1256 3679 1318 3724 non
1338 3671 1566 3742 naupcratcres
1581 3677 1776 3742 cognoscere,

431 3764 485 3824 sed
506 3764 727 3841 magistratum,
748 3763 830 3840 apud
851 3781 943 3842 quem
965 3782 1002 3824 es
1021 3781 1071 3823 res
1093 3763 1192 3842 agitur
1213 3763 1257 3841 (2,
1271 3763 1337 3842 30).

295 3879 414 3930 cauum
431 3853 432 3856 ¹
481 3876 485 3882 '
515 3865 585 3924 Dae
598 3883 715 3942 ymera,
738 3863 983 3942 Quintilianusi)
998 3865 1050 3938 ait,
1072 3877 1139 3926 aaut
1151 3869 1275 3938 tatium,
1296 3876 1349 3926 uat
1360 3865 1587 3942 calamorum
1603 3874 1656 3927 utet
1669 3883 1775 3939 serum,

304 3953 404 4077 ‹¹332-
432 3965 537 4045 qaeu
561 3971 594 4024 u
619 3967 737 4028 imme
762 3965 888 4044 putrer
914 3967 976 4044 tere
1000 3968 1167 4028 munem
1190 3966 1278 4042 roae·
1302 3985 1428 4047 quom
1446 3969 1539 4032 “lm
1556 3985 1633 4048 pan
1652 3977 1778 4048 “W

509 4292 533 4356 ¹)
562 4291 631 4344 Nam
655 4293 863 4360 supplementum
887 4294 958 4360 qnod
983 4293 1109 4361 adscripsi
1133 4292 1172 4347 sd·
1188 4295 1219 4360 2,
1234 4295 1284 4358 at,
1309 4301 1462 4362 argumente
1481 4308 1499 4346 a
1517 4295 1650 4347 centraria
1668 4296 1778 4348 omnine

430 4379 579 4450 requiritur.
618 4385 705 4436 IIviro
730 4385 837 4436 absente
860 4399 894 4438 ea
919 4386 987 4438 turta
1009 4399 1088 4440 cauas
1111 4401 1171 4438 eum
1191 4401 1234 4440 res
1257 4389 1362 4456 mugra
1382 4389 1411 4440 iu
1434 4388 1514 4439 aliam
1532 4387 1603 4438 diem
1621 4387 1777 4449 mersatur,

432 4477 478 4527 ubi
497 4477 572 4527 abest
589 4491 623 4527 ea
642 4489 721 4526 causa
738 4489 792 4527 non
811 4479 888 4540 iusta,
907 4492 949 4530 rsa
968 4477 1075 4531 absente
1092 4482 1126 4530 dc
1143 4485 1247 4546 peracta
1261 4481 1295 4530 sit
1309 4490 1414 4530 neeesse
1427 4485 1473 4530 sat.
1502 4477 1590 4531 Caura
1601 4479 1671 4532 euim
1683 4478 1778 4530 cadere

431 4583 491 4619 enm
509 4567 563 4619 nnn
583 4573 622 4618 est
640 4567 790 4632 probabii03
810 4583 871 4618 num
889 4563 945 4620 hcc.
959 4570 1045 4634 posita
1064 4569 1132 4622 nihii
1150 4571 1288 4632 interesset
1304 4572 1372 4622 inter
1389 4572 1569 4638 magistratum
1586 4571 1778 4638 privatumque,

432 4675 498 4726 quos
522 4667 610 4710 tamen
628 4660 672 4710 lex
691 4667 813 4712 accurate
829 4660 973 4726 distinguit.
1011 4661 1133 4728 Denique
1151 4662 1208 4712 iure
1227 4663 1359 4714 communi
1378 4677 1438 4714 cnm
1456 4663 1554 4714 iudicio
1573 4663 1714 4714 eansdtnto
1732 4676 1778 4729 ps-

430 4752 494 4802 titur
519 4750 606 4814 abest,
631 4751 654 4800 ia
679 4757 767 4803 autem
791 4766 903 4818 quocum
927 4752 1013 4818 agian
1036 4753 1125 4816 adest,
1152 4753 1278 4806 indicium
1295 4753 1428 4820 perficitur
1451 4753 1528 4821 (θὶς.
1546 4755 1598 4818 40,
1619 4757 1666 4820 ll,
1685 4755 1731 4818 at,
1752 4756 1779 4808 l.

431 4843 476 4905 st,
492 4843 518 4906 2,
534 4843 561 4904 6,
576 4841 601 4894 3.
621 4842 667 4906 te,
683 4845 709 4906 l,
724 4842 758 4892 28
771 4857 813 4908 pr.
850 4843 941 4896 Keller
962 4841 1133 4912 Cluilprema
1149 4862 1177 4913 p.
1191 4847 1264 4910 29⁷).

508 4929 534 4996 ²)
560 4933 668 4988 &teeti
691 4933 749 4986 111
766 4933 837 4988 taut.
860 4950 888 5002 p.
904 4937 965 4988 120.
1002 4937 1111 5006 Reiecta
1131 4937 1232 4990 Gulacli
1256 4937 1438 4992 emendations
1461 4938 1551 4990 ut'tiase
1575 4952 1624 5004 pre
1648 4951 1682 4990 ec
1706 4937 1780 5004 quod

430 5031 470 5076 est
491 5039 567 5076 anam
590 5025 699 5078 omnine
722 5039 847 5091 pensrsa
870 5026 942 5088 (nam
965 5011 1102 5080 sananda
1125 5043 1179 5082 uon
1203 5035 1244 5082 sat
1268 5028 1370 5092 riuum)
1394 5027 1458 5098 quid
1481 5029 1613 5096 minari
1636 5035 1663 5081 et
1681 5027 1778 5080 adarim

429 5115 630 5184 mameddqaid
646 5117 803 5170 uocabulum
820 5120 1014 5172 Lucretiam.
1052 5121 1194 5175 Praeterea
1211 5121 1303 5174 addidi
1321 5119 1386 5174 diat.

507 5205 534 5276 ⁸)
561 5209 622 5260 inst.
636 5208 663 5272 d,
679 5207 705 5273 7,
719 5210 746 5262 9.
