3848 5850
372 552 443 626 156
945 567 1128 624 corseas:

1479 669 1711 680 --mae--u-

365 745 396 804 d.
414 743 484 805 Oak.
501 743 570 821 Spa.
589 763 622 826 p.
638 742 706 808 93).
748 743 816 804 lloc
839 760 910 804 vero
932 743 1058 821 antiquo
1080 742 1257 803 accusativo
1278 739 1405 802 Lucano
1427 765 1474 800 ικι
1496 743 1711 821 comprobatur

368 867 436 908 mea
457 849 625 918 sententia,
652 846 742 906 etium
767 867 871 927 canape
893 845 923 904 in
948 844 1035 905 titulo
1057 845 1305 906 Mamertinorum
1327 844 1510 906 Messineasi
1536 863 1605 906 ease
1628 863 1712 906 accu-

367 951 499 1010 sativum
520 949 597 1029 siug.
621 959 727 1024 cauta,
749 947 877 1025 ideoque
899 950 992 1008 verba
1012 949 1094 1008 eiua:
1116 946 1243 1026 [inlata
1265 951 1384 1010 Καλινις
1397 949 1561 1020 irminae.
1582 947 1712 1032 [Medae

367 1057 507 1120 Πομπτιις
528 1046 696 1120 Νιυιισδιηιι·
723 1043 843 1132 μεδδιιξ
865 1071 986 1112 concava
1019 1048 1116 1128 [cerra
1146 1072 1230 1108 rouro
1253 1054 1412 1136 Μαμιρπνο
1433 1049 1637 1128 [quamam
1659 1073 1711 1108 aar·

366 1177 430 1238 κορο
453 1155 600 1231 (Memora.
626 1154 691 1214 Unt.
712 1153 796 1214 Diei.
813 1165 831 1212 t.
849 1151 926 1226 XII,
947 1151 998 1222 39,
1014 1171 1048 1230 p.
1064 1152 1121 1214 133
1141 1153 1202 1231 aq.)
1224 1153 1407 1232 signiticaret
1432 1151 1549 1212 Statius
1572 1151 1712 1213 Kaliniua

367 1257 457 1318 Statii
478 1260 523 1334 s.‚
550 1257 657 1316 Mar-aa
683 1256 830 1334 Pomptiua
852 1254 1012 1316 Nemaea
1032 1257 1061 1330 s.
1082 1257 1225 1316 maddicea
1247 1259 1358 1333 operati
1381 1265 1445 1316 aunt
1470 1268 1496 1316 at
1517 1261 1619 1316 etaim
1641 1253 1710 1315 tla-

365 1362 490 1419 martina
506 1359 641 1438 Apollini
655 1376 780 1426 samm,
801 1375 892 1434 quam
909 1359 1031 1436 quidem
1051 1357 1329 1432 interpretationem
1352 1359 1443 1418 etiam
1461 1357 1530 1417 aliie
1544 1357 1712 1418 rationibus

365 1462 536 1522 confirmari
555 1463 605 1522 bic
625 1481 683 1522 aon
703 1478 780 1539 opus
801 1469 858 1532 eat,
880 1471 914 1520 ιιι
933 1478 1085 1538 exponam
1105 1461 1155 1536 (tl.
1170 1459 1250 1536 Z.f.
1272 1461 1361 1536 carpi.
1378 1459 1450 1539 Spa.
1467 1459 1599 1530 XVIII,
1624 1460 1710 1536 337).

367 1563 422 1624 lile
445 1563 536 1642 igitur
557 1565 748 1627 accusativus
769 1562 956 1642 pronominis
969 1561 1200 1624 demonstrativi
1215 1585 1261 1622 rna
1276 1562 1378 1642 ipsum
1392 1562 1468 1622 illud
1483 1572 1711 1624 mouumentum

366 1667 556 1728 demonstrat
580 1667 766 1746 indicatque,
793 1667 824 1725 in
851 1681 912 1744 quo
939 1667 1070 1744 scriptas
1097 1673 1158 1739 eet,
1185 1673 1275 1744 atque
1294 1687 1344 1724 ιιιο
1367 1665 1560 1726 manifestum
1584 1674 1632 1726 cat
1657 1667 1711 1724 ob·

364 1770 474 1830 iactam
486 1769 623 1830 eiusdem
638 1769 853 1830 enuntiationis
868 1767 967 1829 Oscae
982 1785 1062 1841 esse,
1079 1769 1167 1830 cuius
1181 1767 1348 1828 subiectum
1363 1767 1405 1827 ait
1418 1773 1454 1828 Α.
1469 1768 1595 1828 tatano
1609 1769 1709 1828 Omra.

365 1871 432 1932 lam
454 1891 523 1932 rero
545 1873 624 1932 liano
646 1872 882 1932 enuntiationem
904 1871 1058 1932 continere
1084 1871 1216 1948 aliquam
1243 1869 1403 1930 dedicandi
1425 1871 1503 1932 sacri
1528 1869 1573 1932 vei
1601 1888 1707 1929 mono·

365 1974 458 2034 menti
479 1973 640 2034 formulam
661 1976 708 2034 eis
730 1993 777 2034 nro
800 1973 888 2034 facile
911 1974 1108 2048 probaturum
1124 1991 1225 2052 sporo,
1246 1972 1298 2050 qui
1321 1973 1553 2053 nauigantem,
1575 1972 1606 2031 in
1628 1971 1708 2032 eius·

366 2076 448 2136 modi
475 2076 615 2137 formulis
641 2075 869 2154 inscriptionum
896 2074 1072 2136 Latinarum
1099 2085 1131 2138 et
1158 2073 1342 2136 Graecarum
1370 2073 1496 2136 verbum
1521 2093 1589 2134 cum
1617 2091 1708 2135 sensu

366 2177 468 2244 dandi.
490 2178 650 2239 dedicandi
672 2180 718 2238 vel
744 2177 941 2239 consecrandi
962 2178 1141 2255 saepissime
1162 2179 1309 2238 omissam
1330 2193 1411 2250 esso,
1433 2177 1478 2236 ita
1498 2185 1532 2236 ut
1553 2197 1593 2238 cx
1608 2178 1710 2238 auimo

365 2280 530 2362 logentium
552 2282 753 2361 supplendum
776 2281 825 2342 sit.
862 2279 939 2340 Cum
961 2281 1136 2344 accusativo
1158 2279 1235 2358 sing.
1255 2288 1353 2340 nanu.
1375 2281 1563 2356 pronominis
1586 2279 1710 2340 demon·

366 2383 486 2444 ausuri
507 2406 555 2442 ικο
578 2384 731 2444 artissimo
753 2401 863 2444 aenam
881 2383 1000 2444 vinculo
1022 2383 1201 2444 coniunctus
1222 2393 1269 2442 aot
1290 2382 1480 2445 accusativus
1501 2382 1636 2444 eiusdem
1659 2401 1710 2460 ge·

365 2487 445 2546 neris
469 2508 523 2546 rra
545 2505 601 2566 pro
620 2486 740 2564 pio(nr)‚
760 2487 866 2546 caulem
889 2485 1030 2546 videlicet
1050 2487 1145 2564 stirpe
1167 2484 1313 2546 oriundus
1338 2495 1370 2545 ut
1390 2485 1459 2546 Lat.
1478 2489 1572 2564 pium,
1593 2483 1709 2546 Sabell.

360 2591 431 2666 pic,
462 2588 539 2649 Oak.
557 2591 678 2666 pantol,
708 2588 814 2649 Umbr.
835 2589 939 2666 pilata
959 2589 1020 2648 alia
1048 2585 1101 2663 (C.
1123 2587 1203 2648 Krit.
1217 2589 1312 2649 Baitr.
1331 2607 1364 2666 p.
1382 2587 1444 2658 331
1460 2607 1502 2666 aq.
1540 2589 1666 2664 Auaapr.
1680 2587 1709 2657 1,

366 2690 435 2750 343.
472 2691 524 2761 II,
545 2693 605 2751 ind
627 2691 726 2752 vocab.
748 2692 793 2750 cd.
808 2691 857 2768 2).
902 2691 1057 2752 Habemus
1086 2691 1179 2770 igitur
1200 2689 1260 2750 duo
1285 2691 1394 2750 obiecti
1423 2709 1512 2751 casae
1534 2713 1588 2748 πιω
1602 2722 1644 2732 -
1660 2710 1707 2747 εκο

365 2816 402 2844 ==
424 2791 534 2872 pic(m)
556 2827 598 2840 -
620 2793 728 2872 alcoba)
756 2793 959 2873 dependentes
985 2797 1025 2854 ab
1050 2793 1155 2870 aliquo
1177 2793 1270 2853 verbo
1292 2793 1376 2854 Oeco
1405 2793 1512 2866 dandi,
1539 2790 1709 2862 dedicandi,

363 2897 575 2969 consecrandi,
597 2896 678 2974 quod
699 2897 902 2974 supplendum
923 2895 1050 2958 videtur.
1096 2897 1144 2956 lix
1166 2917 1203 2956 eo
1223 2896 1367 2974 colligere
1389 2913 1567 2975 possumus,
1588 2893 1707 2954 litterae

362 3021 422 3057 ma.
445 2999 525 3058 iuter
546 2999 736 3060 monasticos
758 3022 813 3058 ιιιω
828 3009 860 3058 at
873 3020 921 3058 ικο
943 2999 1062 3079 positas
1082 2999 1237 3059 continere
1258 2999 1382 3074 stirpem
1400 2999 1482 3058 cocis
1497 2995 1608 3066 Oscae,
1630 3014 1709 3072 quae

363 3111 394 3160 et
421 3101 490 3180 ipae
516 3102 574 3162 boo
600 3101 667 3162 loco
691 3102 752 3162 rim
773 3102 940 3162 accusativi
961 3101 1082 3162 habeat.
1127 3099 1331 3176 Quamobrem
1354 3123 1414 3160 ara.
1437 3109 1541 3162 uotam
1562 3099 1710 3178 supplen-

362 3203 432 3264 dam
454 3204 598 3264 existimo
620 3203 715 3281 αισ(ο)
738 3205 944 3264 accusativum
965 3204 1041 3281 singv
1067 3211 1164 3264 neatr.
1188 3213 1404 3284 congruentem
1430 3221 1499 3262 cum
1520 3225 1574 3260 orso
1597 3211 1629 3260 et
1649 3221 1709 3269 auc,

362 3318 455 3384 atqua
481 3305 571 3366 buius
599 3307 767 3366 accusativi
793 3325 917 3366 sensum
944 3306 1104 3366 enucleare
1131 3306 1227 3366 ausim
1258 3316 1436 3382 comparata
1456 3303 1611 3367 Sabellica
1636 3319 1709 3364 voce

362 3412 443 3468 oiaoa
466 3407 658 3482 aacmfloium,
680 3405 825 3469 Umbrica
847 3428 937 3469 rauna
959 3409 1150 3480 sacrificium,
1165 3407 1282 3468 Volsca
1302 3413 1478 3478 cremabant,
1502 3405 1587 3466 Osca
1607 3409 1709 3466 Aisar-

362 3513 423 3570 nim
444 3510 547 3588 oppidi
572 3513 702 3584 nomine,
727 3511 860 3572 Etrusca
880 3529 968 3572 cesar
988 3511 1063 3572 deus
1091 3507 1147 3587 (0.
1174 3510 1301 3588 Aaaapr.
1317 3511 1345 3580 Ι,
1366 3509 1447 3582 375,
1470 3510 1514 3569 ad.
1530 3509 1584 3587 3),
1610 3509 1655 3568 ita
1676 3519 1709 3568 ut

362 3609 459 3689 atde)
481 3613 706 3674 substantivum
728 3614 760 3672 iu
782 3613 871 3674 titulo
892 3612 1042 3674 Diaacasi
1064 3613 1215 3692 siguificat
1236 3631 1361 3673 samm.

446 3715 497 3774 Ad
519 3715 645 3776 subiecti
666 3733 757 3776 cesus
772 3721 811 3776 A.
826 3723 950 3778 baronto
964 3719 1055 3776 orne
1075 3724 1105 3776 ei
1125 3715 1235 3776 obiecti
1256 3721 1348 3774 casus
1369 3737 1424 3772 πιω
1447 3713 1543 3792 aro(c)
1567 3735 1616 3775 ruo
1638 3731 1709 3793 sup·

361 3815 506 3898 piendum
527 3827 575 3879 eet
590 3815 704 3881 Oscum
723 3819 848 3880 verbam
871 3811 965 3886 aaa,
986 3819 1085 3881 dadod
1122 3814 1229 3895 Itaque
1251 3818 1419 3877 enuntiatio
1434 3815 1575 3880 Lucana:
1596 3825 1635 3875 A.
1650 3821 1708 3872 Aa·

361 3940 439 3980 πονιι
459 3915 589 3999 ttaafnrc
604 3925 693 3980 Omra
715 3939 769 3978 πιω
791 3919 889 3996 ταῲ)
903 3943 951 3978 rrae
969 3914 1082 3998 (δεδιτ)
1097 3919 1207 3980 batim
1228 3921 1401 3982 enarranda
1421 3927 1483 3980 esi:
1504 3918 1601 3980 Attius
1616 3916 1707 3978 Lean

357 4025 468 4100 punica
489 4019 590 4100 Paqur'
604 4023 688 4099 filiae
712 4023 827 4101 Oppius
845 4029 930 4102 pium
950 4042 1067 4084 auctuum
1087 4023 1142 4084 tae
1163 4022 1281 4102 (dedit).

444 4123 522 4184 Post
542 4127 618 4186 haec
640 4126 733 4186 verba
753 4126 785 4185 in
806 4144 956 4187 marmore
978 4125 1127 4186 Dianecai
1153 4125 1268 4202 scripta
1293 4124 1427 4202 incipere
1450 4122 1579 4184 alteram
1600 4121 1706 4183 inscri-

360 4226 475 4304 ptionis
501 4227 754 4301 enuntiationem,
783 4228 849 4305 ipss
876 4227 1007 4308 lapicida
1032 4245 1068 4288 eo
1093 4227 1245 4296 indicasse
1266 4227 1400 4298 ridetur,
1427 4225 1510 4305 qaod
1537 4233 1610 4304 post
1637 4241 1708 4302 pro·

359 4347 471 4389 nomen
492 4351 539 4388 εκο
561 4331 661 4410 spatio
683 4331 857 4392 intermisso
880 4347 1012 4408 aequem
1028 4331 1210 4392 vocabulum
1231 4329 1296 4389 eiua
1312 4349 1331 4389 a
1345 4329 1469 4390 sinistra
1488 4337 1575 4408 parta
1595 4327 1708 4406 lapidis

360 4431 493 4491 scribere
516 4439 546 4492 at
566 4432 733 4494 maioribus
754 4433 825 4492 inde
847 4433 958 4495 litteris
981 4434 1026 4494 uti
1048 4433 1157 4512 coepit
1194 4433 1229 4492 ln
1251 4432 1309 4492 bac
1329 4432 1422 4511 igitur
1443 4431 1522 4492 titali
1545 4437 1633 4510 parte
1647 4432 1709 4492 Σα-

358 4529 438 4614 tofr
462 4533 542 4596 idem
565 4541 614 4595 cst
634 4555 744 4596 nomeu
767 4535 849 4614 quod
871 4536 962 4597 etiam
984 4537 1016 4596 in
1037 4535 1129 4596 titulo
1150 4534 1315 4615 sepulcrali
1330 4531 1470 4595 Cumano
1491 4533 1615 4612 legiturt
1639 4529 1709 4596 Sta-

364 4638 416 4694 tc'aa
438 4635 527 4696 Sillae
550 4636 659 4698 Saloca
683 4663 721 4690 a
745 4637 860 4700 Statim
888 4637 983 4700 Silina
1010 4635 1148 4711 Solatur,
1174 4636 1225 4697 ubi
1252 4635 1361 4698 Saloca
1388 4654 1428 4696 ex
1457 4633 1562 4708 Saloe,
1589 4633 1710 4696 Sabim

358 4733 460 4800 ortum
481 4757 551 4801 esse
572 4738 821 4802 demonstratio
842 4741 941 4802 vocali
963 4741 1042 4801 inter
1064 4749 1227 4818 sequentes
1246 4745 1450 4804 consonantes
1471 4736 1653 4816 interposita
1675 4745 1712 4796 ut

358 4843 389 4900 in
413 4844 557 4919 arapetad
572 4867 609 4894 ==
626 4853 746 4920 arpanto
768 4842 818 4919 (Z.
834 4845 863 4920 s.
879 4842 967 4920 carpi.
984 4841 1057 4922 Spr.
1076 4840 1117 4914 X,
1139 4843 1202 4902 325
1217 4861 1261 4919 sq.
1296 4841 1365 4915 XX,
1385 4842 1428 4902 97
1442 4857 1485 4918 sq.
1521 4842 1646 4919 Aucapr.
1663 4837 1710 4912 ΙΙ,

360 4941 430 5015 383,
452 4945 494 5004 ed.
516 4945 559 5022 2).
603 4943 751 5005 Ultimam
777 4945 987 5022 inscriptionis
1008 4961 1113 5004 vocem
1131 4939 1210 5023 fata
1237 4961 1299 5004 uon
1327 4942 1497 5004 mutilatam
1518 4961 1589 5003 esca
1610 4942 1708 5001 fracto

358 5043 461 5123 lapido
481 5044 527 5106 vel
543 5047 662 5108 detritis
676 5047 798 5120 litteris,
820 5065 856 5106 ao
879 5047 1074 5124 intellegitur,
1096 5045 1178 5125 quod
1201 5055 1272 5124 post
1292 5046 1426 5106 litteram
1447 5043 1567 5106 finalem
1589 5046 1656 5105 eiua
1678 5044 1709 5103 in

359 5153 486 5226 auoque
507 5151 686 5230 apographo
700 5147 847 5210 Mandelli
862 5167 989 5210 vacuum
1005 5157 1132 5229 apparet
1152 5147 1243 5209 unius
1263 5147 1383 5209 litterae
1405 5147 1548 5228 apatimn,
1571 5147 1621 5205 abi
1643 5147 1710 5206 nul·

357 5249 420 5310 ium
443 5251 612 5328 scripturae
634 5233 847 5314 detrimenuim
869 5259 1001 5314 notetur.
1046 5248 1123 5312 Cum
1145 5251 1238 5328 igitur
1254 5244 1334 5331 fota
1360 5275 1396 5304 ==
1421 5249 1486 5312 ocia
1506 5249 1626 5329 integra
1648 5265 1709 5308 vox
