3794 5850
637 589 797 665 uvansr.
817 581 1036 642 oaeneon.
1055 590 1081 642 1.
1479 567 1528 642 45

448 777 449 780 ’
519 763 672 824 beandam
697 763 739 824 ait
763 763 966 842 fragmentum
994 781 1053 822 una
1079 769 1229 841 repartum
1257 781 1286 821 n.
1309 761 1380 836 129,
1407 765 1454 822 cui
1485 765 1529 823 in·

520 865 666 942 scriptum
694 875 742 926 eat
772 879 907 938 uuum
934 865 1015 944 quod
1041 865 1068 924 ai
1094 865 1138 924 ita
1166 871 1228 935 eat,
1256 864 1389 924 virorum
1410 883 1531 942 quoque

519 984 628 1028 nomen
639 965 827 1028 Satricaoiua
837 967 934 1028 laicae
944 967 1122 1046 putandum,
1133 985 1192 1026 noo
1205 963 1393 1040 Satricanus,
1404 967 1530 1028 Momm-

519 1087 610 1130 oenua
632 1071 766 1130 adnotat.
811 1067 957 1132 Solebant
976 1069 1098 1145 quidam
1122 1069 1244 1128 nomina
1264 1067 1295 1128 in
1317 1071 1364 1128 r'ua
1386 1069 1466 1146 (aive
1488 1070 1530 1146 to)

519 1171 650 1236 breviari
670 1173 701 1232 ia
716 1175 729 1230 1
749 1171 780 1234 in
795 1172 892 1232 titulis
907 1171 969 1232 illia
984 1171 1207 1242 Praenestinia3
1229 1187 1300 1230 catu
1317 1179 1417 1232 autem
1432 1173 1531 1250 primo

521 1275 701 1336 recentiores
715 1274 779 1336 lere
794 1282 927 1342 utuntur,
941 1273 1082 1356 genetivo
1097 1271 1294 1352 antiquiores.
1317 1273 1423 1349 ltaque
1436 1275 1532 1352 potuit

519 1376 571 1452 qui
598 1374 715 1438 Romu
742 1375 919 1438 Satricanus
946 1373 1132 1438 Satricaniaa
1155 1373 1364 1437 Praenestinis
1391 1377 1465 1448 diei;
1493 1375 1532 1434 de

520 1475 680 1538 Satricano
701 1487 802 1538 autern
824 1479 946 1539 omniuo
967 1495 1027 1537 non
1048 1477 1257 1540 dubitandum.

435 1575 586 1638 Satricum
608 1579 689 1640 Latii
711 1581 855 1660 oppidum
877 1589 980 1642 notum
1003 1589 1059 1641 eat

181 1661 370 1741 Scamnum
438 1681 480 1740 M.
496 1681 662 1742 Scantonua
679 1685 756 1742 Zoro
778 1682 894 1743 Romae
911 1683 1024 1758 Moron
1040 1683 1091 1752 29,
1107 1681 1125 1742 2
1143 1709 1180 1735 =
1199 1680 1322 1744 Guueco
1338 1701 1415 1743 mue.
1431 1681 1529 1762 Capit.

519 1782 570 1856 20,
586 1784 620 1856 93
645 1785 720 1844 vidit
743 1783 915 1846 Hanaenus.

179 1883 358 1946 Scarauv's
440 1885 580 1945 Sectanira
602 1885 724 1946 Horatii
753 1895 808 1948 eat
829 1890 859 1962 l,
880 1889 917 1961 l,
940 1887 997 1946 112
1022 1887 1160 1948 Bentleio
1185 1875 1340 1948 inauditae
1366 1906 1446 1947 nunc
1472 1889 1532 1948 alio

518 1989 653 2048 ciusdem
680 1989 795 2048 lorrnae
821 1989 960 2068 exemplo
984 1989 1179 2050 confirmator
1201 2007 1374 2066 quanquam
1397 2007 1456 2048 non
1479 1989 1531 2046 ho-

518 2090 620 2160 minio,
642 2091 696 2150 aed
717 2089 810 2162 tundi,
833 2092 884 2168 qui
907 2091 964 2150 luit
979 2091 1111 2152 Volceiia
1131 2092 1162 2152 in
1184 2091 1354 2168 Campania
1374 2092 1397 2150 1.
1413 2089 1452 2150 N.
1469 2079 1543 2150 2111Ι

519 2191 661 2268 (11113).
706 2193 755 2252 Ita
776 2193 984 2254 Mommaeoua
1005 2193 1094 2271 legit3
1120 2201 1210 2252 antea
1232 2193 1391 2272 Spatianaa
1412 2191 1532 2271 legeba-

519 2302 576 2352 tur.
620 2293 728 2372 Itaque
756 2293 830 2354 nihil
858 2293 1033 2354 mumadam
1063 2305 1110 2355 eat
1135 2297 1167 2354 in
1189 2293 1309 2356 Horatii
1340 2293 1448 2380 satira,
1478 2293 1530 2355 ced

517 2393 655 2456 codicum
677 2397 859 2474 optimorum
881 2397 1033 2474 scriptura
1054 2398 1214 2478 cenanda.

178 2487 325 2560 Semnus
434 2487 553 2560 Λούκιος
574 2490 696 2566 Sarmatic
717 2491 895 2576 capuanque,
920 2500 962 2576 epi
982 2499 1099 2576 Σηιανῷ
1119 2489 1290 2568 &arrepturae
1316 2499 1365 2558 cui
1388 2495 1531 2558 Tiberius

518 2601 653 2678 pepercit
675 2599 802 2674 Diona,
821 2601 867 2660 19.
912 2597 981 2660 Nisi
1002 2601 1068 2660 eiua
1090 2599 1203 2679 gentile
1224 2600 1287 2660 Dio
1310 2600 1411 2660 tacuit.

434 2704 544 2762 Seiana
559 2701 590 2760 Τ.
614 2702 633 2760 1.
653 2703 821 2762 Plu'laminc
841 2701 1004 2764 Falerione
1019 2701 1142 2764 Colucci
1167 2701 1204 2762 A.
1221 2700 1259 2762 P.
1275 2703 1304 2770 3,
1321 2701 1380 2778 233
1398 2727 1435 2754 -·--·
1454 2705 1531 2764 Mur.

521 2803 611 2872 1142,
631 2805 668 2862 14
686 2829 722 2854 --·
740 2803 853 2864 Donat
870 2804 942 2876 427,
960 2804 1009 2864 12.

434 2906 518 2968 Sciat
541 2905 653 2985 gentile
675 2915 794 2976 notumr
817 2907 916 2968 locum
939 2908 1078 2968 similiter
1100 2915 1305 2986 nuncupatum
1328 2925 1388 2968 non
1409 2909 1489 2969 novi.

178 3007 333 3071 soranus
438 3009 535 3067 Barea
562 3008 695 3068 Serenae
721 3011 769 3068 vir
793 3009 893 3070 clarus
920 3010 1006 3070 Paeti
1033 3009 1190 3070 Thraecae
1217 3010 1332 3070 arniene
1359 3011 1530 3087 ubicunque

298 3113 300 3120 ’
517 3111 599 3190 apud
620 3111 759 3172 Tacitum
783 3113 953 3172 accuratius
976 3111 1140 3186 indicatur,
1169 3113 1194 3172 ie
1217 3113 1336 3191 ponitur
1357 3115 1529 3172 nomencla-

519 3223 603 3273 turae
625 3215 717 3287 ordo,
738 3232 827 3291 quam
851 3214 958 3292 scripsi
980 3214 1063 3290 (aaa.
1088 3213 1136 3286 12,
1160 3215 1214 3286 533
1239 3215 1287 3287 16,
1307 3213 1357 3274 21.
1379 3214 1435 3286 23,
1455 3217 1528 3274 hiat.

519 3317 639 3394 4‚10);
669 3317 720 3377 urbi
742 3317 873 3376 breviter
895 3325 1012 3380 tantum
1034 3326 1228 3388 memoratur,
1257 3315 1393 3378 Soranus
1415 3317 1529 3396 simpli-

518 3419 592 3477 citer
613 3419 723 3478 dicitur
744 3419 829 3496 (ann.
849 3419 900 3490 16,
918 3418 967 3479 30.
989 3418 1039 3492 32.
1059 3419 1115 3493 33;
1138 3419 1209 3479 hist
1227 3419 1259 3492 l,
1277 3418 1339 3496 40).
1384 3416 1531 3481 Similiter

517 3511 652 3602 Σωρανᾶς
673 3529 719 3581 ter
740 3521 849 3582 dicitur
872 3521 950 3581 nude
972 3522 1004 3580 ia
1023 3521 1133 3581 Dionia
1155 3523 1286 3600 epitome
1309 3519 1374 3598 (62,
1391 3519 1457 3598 26),
1480 3521 1528 3580 ubi

517 3641 598 3682 mora
626 3623 692 3682 eiua
722 3632 870 3684 narratur.
916 3616 1019 3682 'Barea
1048 3634 1154 3684 contra
1180 3623 1318 3684 iuvenali
1347 3623 1393 3682 bie
1421 3623 1530 3709 dicitur

518 3707 642 3801 (3,116
665 3729 771 3786 atoicua
794 3729 898 3786 occidit
917 3725 1046 3785 Boream
1068 3737 1098 3784 et
1121 3727 1149 3796 7,
1166 3725 1202 3786 91
1228 3735 1255 3784 ct
1279 3726 1418 3802 Baream)
1442 3743 1529 3786 versu

518 3837 591 3904 puto
616 3837 751 3905 cogente.
799 3825 948 3888 Secuntur
968 3828 1096 3888 eundern
1120 3846 1205 3887 uuum
1234 3828 1349 3886 achrrlia
1375 3827 1530 3886 luvenalis

517 3929 564 3988 bie
587 3929 742 4006 (au1,33
767 3939 797 3989 et
819 3931 954 4007 3,116);
978 3931 1072 3990 aemel
1094 3928 1147 4006 (ad
1166 3929 1248 4002 1‚33
1272 3927 1437 3989 secundom
1457 3929 1528 3996 ,lah-

516 4031 610 4106 nium,
635 4034 662 4101 1,
678 4033 717 4091 47
734 4033 900 4094 secundum
923 4032 1018 4090 libros
1041 4031 1185 4108 scriptor)
1208 4031 1268 4092 duo
1291 4032 1412 4090 nomina
1435 4031 1464 4090 ln
1480 4031 1527 4090 iia·

517 4128 585 4192 dem
611 4143 765 4212 ponuntur
792 4142 881 4212 atqua
907 4135 966 4193 hoc
991 4134 1113 4211 quidem
1135 4133 1239 4194 ordine
1262 4131 1397 4194 Soranus
1420 4131 1529 4194 Barea.

518 4235 567 4294 Ex
594 4255 687 4296 cauea
714 4237 794 4310 cina,
823 4255 913 4314 quam
941 4245 1005 4294 arte
1032 4235 1202 4296 admirabili
1230 4235 1357 4296 Tacitus
1375 4235 1553 4311 narravit,-

517 4339 611 4398 liliam
626 4339 704 4410 eius,
727 4339 821 4398 Annii
835 4338 985 4398 Pollionis
1000 4357 1137 4410 uxorem,
1154 4335 1314 4399 Serviliam
1329 4335 1425 4398 laicae
1440 4337 1531 4396 iliaci«

519 4459 593 4501 mue.
646 4441 722 4500 Inde
750 4443 830 4518 patri
857 4458 979 4520 quoque
1007 4438 1128 4501 Seruilii
1157 4459 1267 4500 nornen
1295 4437 1530 4519 gentilevluiaee

517 4541 637 4602 luerunt
665 4545 717 4620 qui
745 4545 905 4622 ponerent;
934 4543 989 4602 aed
1016 4561 1072 4604 nec
1093 4529 1283 4622 Borgheeiua
1308 4541 1359 4618 (in
1380 4541 1469 4602 saetis
1491 4539 1528 4600 ad

518 4663 545 4704 a.
562 4643 613 4717 52,
639 4665 700 4722 quo
722 4665 801 4705 anno
825 4643 961 4724 Soranus
983 4663 1045 4704 coa.
1068 4645 1128 4704 aui.
1150 4645 1228 4720 erat)
1251 4663 1306 4704 nec
1325 4663 1422 4721 nuper
1436 4642 1530 4703 Wad-

517 4746 692 4824 diogtooiua
714 4748 760 4824 (in
781 4749 870 4806 luatis
884 4747 1105 4825 provinciarum
1123 4745 1217 4808 Asiae
1239 4765 1269 4824 p.
1288 4745 1358 4819 135,
1378 4744 1430 4805 ubi
1444 4753 1530 4804 caute
1632 4753 1635 4761 ‘

517 4848 592 4908 haec
619 4850 826 4926 pronuntiavit
851 4846 902 4928 ‘on
928 4867 963 4906 ne
989 4845 1106 4908 connait
1128 4868 1188 4926 pac
1216 4868 1268 4908 con
1296 4865 1404 4907 nornen
1434 4845 1531 4924 genti·

517 4950 639 5024 licium:¹
665 4951 692 5010 le
716 4970 781 5010 acm
809 4951 843 5011 dc
871 4947 906 5010 aa
926 4951 990 5028 fille
1009 4952 1105 5025 serait
1124 4968 1265 5028 cappocer
1286 4947 1357 5026 qa'tl
1377 4947 1547 5024 r'apprlar't·

517 5047 699 5129 Serrillua')
731 5055 759 5112 ei
791 5053 926 5132 opinioni
952 5053 1071 5113 moenai
1099 5062 1183 5124 ount3
1204 5043 1305 5124 recte,
1330 5069 1399 5110 narn
1428 5049 1530 5110 variae

517 5155 644 5233 cogitari
676 5165 803 5232 poscunt
833 5171 960 5227 caaaae,
993 5155 1103 5232 quibua
1133 5151 1211 5214 tiliae
1241 5169 1348 5213 nomen
1377 5152 1528 5211 diversum

518 5255 612 5316 laicae
633 5277 653 5317 a
673 5257 769 5336 patrie
792 5257 989 5338 explicatur„
1019 5259 1061 5316 At
1082 5263 1184 5334 potest
1204 5274 1278 5341 eane
1300 5253 1437 5317 Soranus
1460 5269 1531 5331 cog·
