3784 5854
452 537 803 594 connenrsrrosss
822 538 1104 593 eeresnerrrcns
1123 535 1228 590 ress.
1445 517 1519 590 193

1320 639 1514 652 nuu--o

622 729 905 794 BRVTTIORVM
931 732 1056 794 nubs.

660 851 1026 916 Mnnmsumortvnr.

171 1043 228 1104 95.
271 1041 423 1105 Nummus
450 1060 563 1102 aeneus
584 1041 833 1102 Mamertinorum
862 1040 1052 1102 collectionis
1093 1042 1210 1102 Penariae·
1231 1039 1324 1102 babet
1345 1055 1431 1118 caput
1457 1039 1518 1099 luu-

170 1159 286 1206 reetum
315 1145 491 1226 appollinis
520 1157 551 1204 et
575 1143 707 1222 effigium
734 1143 882 1204 Bellonae
904 1144 1096 1206 dextrorsum
1119 1143 1311 1224 procedentis
1341 1163 1410 1203 curn
1433 1147 1523 1203 hesta

169 1267 206 1308 ac
227 1259 314 1310 scuto
337 1247 427 1308 titulo
449 1247 580 1308 Graecis
603 1247 713 1308 litteris
736 1246 981 1326 circumscripto:

697 1385 996 1468 acoemetensi«

169 1545 261 1606 quem
294 1525 446 1601 praecedit
472 1526 571 1584 littera
597 1523 696 1584 maior
721 1525 757 1581 Υ.
805 1521 932 1582 Nummi
966 1519 1095 1599 effigiem
1123 1522 1304 1583 delineatam
1337 1519 1411 1580 mihi
1441 1521 1522 1580 misit

171 1633 209 1688 Α.
234 1625 452 1694 Selinusium
474 1627 538 1705 ipse
562 1625 725 1704 publicarit
746 1622 811 1702 (Lo
826 1625 1126 1684 collrrioncnumism.
1153 1623 1279 1684 Penelei.
1302 1632 1320 1684 t.
1335 1623 1392 1692 IX,
1414 1645 1443 1682 a.
1456 1623 1520 1694 22).

169 1730 211 1790 Et
237 1732 319 1808 typis
347 1743 376 1788 et
404 1731 506 1788 littera
533 1733 555 1782 Υ
584 1727 687 1789 differt
711 1725 757 1787 bie
788 1745 925 1786 nummus
958 1727 996 1786 ab
1025 1727 1094 1800 illo,
1125 1745 1216 1806 quern
1249 1727 1271 1784 l.
1303 1723 1523 1789 Friedleender

170 1833 341 1911 publicarit
364 1849 431 1891 eum
465 1831 563 1909 capite
592 1829 725 1890 Dianae.
754 1825 896 1907 omphale
931 1831 978 1888 vel
1006 1829 1137 1899 cortina,
1170 1827 1259 1889 titulo
1294 1827 1521 1906 circumscripto

169 1957 371 2016 μαμιρτινουμ,
403 1933 505 1992 litters
532 1937 554 1988 A
582 1931 752 2007 subscripta
781 1929 810 1990 in
837 1941 993 2012 segmento
1026 1932 1115 2006 (Oak.
1142 1931 1238 1992 diuina.
1267 1931 1356 2000 VIII,
1389 1929 1520 1990 Mamert.

167 2057 200 2116 p.
217 2036 261 2098 60
281 2037 352 2114 aa).
396 2035 474 2096 cum
497 2035 528 2094 in
553 2050 674 2094 nummo
702 2033 818 2095 Pennisi
839 2042 985 2113 appareat
1006 2033 1152 2096 Bellonae
1174 2034 1330 2094 simillima
1351 2031 1467 2110 effigies
1490 2043 1524 2092 ut

169 2141 199 2199 in
222 2141 357 2200 nummis
380 2137 562 2215 quibusdam
584 2137 782 2206 Bruttiorum,
806 2155 882 2210 quere
906 2137 930 2196 l.
957 2136 1171 2198 FriedIaeodet
1191 2133 1265 2195 mibi
1287 2136 1468 2197 monstravit
1490 2135 1521 2194 in

170 2241 294 2304 scriniis
307 2239 494 2302 collectionis
510 2255 699 2300 nummorum
715 2239 921 2300 Berolinensis
936 2251 1122 2310 asservatos,
1143 2245 1377 2300 consentaneum
1396 2239 1522 2306 videtur,

170 2343 256 2404 iliius
293 2343 441 2422 originem
474 2357 610 2420 repetere
640 2343 839 2403 aldamertio
862 2342 976 2420 oppido
1014 2345 1042 2402 in
1069 2341 1197 2402 Βηιιι-ιίε
1231 2343 1361 2412 condito,
1400 2359 1460 2400 non
1483 2342 1522 2398 ad

168 2448 349 2508 Messanam
373 2463 391 2504 a
414 2443 602 2504 Mamertinis
624 2451 743 2524 captam
765 2443 887 2504 referre.
942 2441 1084 2504 Ceterum
1110 2443 1243 2504 Gerritiri
1270 2443 1398 2521 pluralis
1424 2445 1523 2502 forms

169 2565 363 2638 μαμερτινουιι
396 2549 486 2606 etiam
519 2549 551 2606 in
583 2545 706 2606 dnobus
739 2547 850 2622 tegnlis
874 2545 1115 2608 Massicensibus
1143 2547 1255 2624 legitur
1277 2545 1425 2612 (Momms.
1453 2544 1519 2604 Unt.

172 2651 256 2711 Diui.
281 2669 311 2725 p.
327 2649 396 2716 129.
420 2648 515 2726 XL.).

168 2871 950 2890 mmm-*m
1323 2873 1434 2882 »am—a..-
1499 2873 1522 2884 .-

172 2871 1521 2907 mmm-*mum*-

346 3236 567 3301 LVCANIAE
589 3237 670 3298 VEL
695 3233 978 3298 Buvutronvnt
1010 3235 1119 3298 Loca
1146 3235 1343 3298 rncsn'rn.

173 3431 231 3492 96·
278 3427 403 3489 Titulus
430 3428 536 3507 galeae
563 3445 676 3487 aeneae
702 3427 814 3487 fissura
846 3429 885 3484 ab
911 3425 1014 3503 aliqua
1039 3439 1125 3504 parte
1153 3427 1347 3498 dehiscentis,
1385 3426 1457 3486 olim
1490 3427 1521 3484 in

215 3533 393 3596 sullectione
419 3531 548 3607 quadam
577 3547 676 3592 rerum
709 3531 899 3607 antiquarum
929 3527 1067 3606 Magnae,
1091 3527 1229 3596 Graecia,
1252 3529 1373 3588 vendita
1400 3547 1419 3585 a
1446 3528 1542 3582 derne.

219 3636 300 3696 delio
332 3634 470 3708 Verrium,
492 3649 573 3694 nune
595 3637 626 3692 in
649 3649 752 3692 museo
778 3631 1005 3692 Panormitano:

513 3767 1184 3845 1393033133833183q1

634 3903 744 3994 Tgrrsstc
764 3913 789 3968 Σ
824 3914 933 3972 &eret
957 3904 1050 3972 δεδετ.

584 4031 715 4091 Trebius
736 4029 823 4093 Sexti
844 4031 865 4090 i.
888 4029 1013 4096 Sextius
1036 4029 1127 4092 dedit.

261 4207 351 4268 Duae
365 4217 560 4268 asserventur
582 4207 686 4284 galeae
709 4225 820 4268 aeneae
841 4207 872 4267 in
896 4224 1000 4268 museo
1018 4207 1233 4269 Panormitano
1245 4207 1380 4268 eiusdem
1397 4206 1521 4276 formae,

174 4312 274 4372 altera
295 4309 407 4373 liseura
434 4309 593 4370 dehiscens
621 4327 687 4368 cum
716 4307 804 4369 titulo
826 4327 920 4386 sopra
940 4315 1044 4388 posita
1065 4307 1195 4372 Graecis
1222 4310 1333 4370 litteris
1355 4309 1520 4370 subtilibus

173 4415 355 4480 acutissimo
377 4411 504 4491 graphio
537 4413 569 4470 in
604 4431 656 4472 ees
692 4413 806 4486 incisis,
841 4413 937 4472 altera
966 4413 1082 4492 integra
1103 4433 1170 4474 eum
1198 4413 1302 4473 eadem
1325 4414 1521 4490 inscriptione

173 4517 346 4576 litterarum
367 4515 472 4575 formis
494 4513 674 4584 simillimis,
701 4515 754 4574 sed
776 4515 932 4593 scriptoris
958 4516 1110 4576 erroribus
1133 4515 1315 4594 quibusdem
1339 4515 1521 4592 suspiciosa.

174 4617 266 4680 Hanc
288 4617 414 4679 alteram
447 4635 486 4677 ex
518 4627 626 4696 ectypo
648 4617 743 4677 edidit
770 4627 801 4678 et
820 4619 1038 4695 interpretatus
1060 4627 1108 4676 est
1130 4621 1245 4694 primus
1274 4617 1420 4688 Fabretti,
1448 4617 1523 4676 Rsal

178 4723 294 4780 Accad.
319 4721 349 4780 di
374 4721 482 4780 lbrino
507 4720 659 4778 Adurunt.
682 4721 711 4778 d.
737 4720 780 4781 ct.
804 4722 832 4780 d.
855 4739 894 4779 ac.
918 4715 1433 4799 mor.eror.fit29m99.18⁶a,
1458 4719 1523 4778 tbm

158 4841 235 4902 ego
259 4821 385 4882 mutavi
407 4833 516 4900 ectypo
536 4821 592 4880 illo
613 4821 723 4894 fretus,
751 4838 817 4882 cum
841 4823 999 4882 verborum
1022 4823 1137 4884 formae
1159 4821 1240 4884 tituli
1268 4823 1345 4886 nibil
1366 4821 1521 4884 baberent

176 4923 262 5002 quod
298 4943 318 4984 a
349 4923 470 5002 linguas
499 4923 596 4984 Oscae
632 4927 853 4986 consuetudine
880 4936 912 4984 et
942 4927 1059 4985 ratione
1092 4926 1275 4996 abhorreret,
1308 4925 1342 4984 Ζ.
1371 4926 1399 5000 s.
1433 4923 1521 4998 cerel.

177 5028 250 5106 Spr.
280 5027 375 5096 XIII,
408 5027 471 5088 250
493 5041 537 5105 sq.
580 5026 658 5086 Post
685 5027 840 5106 utriusque
877 5029 982 5106 galeae
1015 5027 1135 5088 titulum
1163 5025 1224 5087 vidi
1255 5039 1286 5090 et
1313 5027 1462 5088 delineari
1491 5027 1521 5084 in

177 5147 288 5190 museo
311 5129 542 5205 Panormitano,
571 5139 600 5188 et
628 5149 676 5192 roe
697 5141 823 5209 rogante
846 5131 885 5190 Α.
907 5128 1030 5192 Salinas
1058 5141 1166 5210 ectypa
1188 5130 1417 5210 inscriptionum
1441 5126 1524 5188 misit

178 5239 267 5293 carta
291 5231 416 5294 humida
443 5241 474 5294 et
500 5245 610 5293 strumo
636 5245 791 5300 morasse.
837 5232 915 5294 Tum
942 5233 1008 5312 ipse
1040 5234 1084 5293 eir
1111 5233 1303 5293 doctissimus
1335 5251 1394 5293 non
1423 5230 1522 5292 solum
