3848 5850
1006 868 1051 945 ΙΙ.

470 1057 868 1140 SVPPLEMENTVM
911 1053 1302 1139 INSGRIPTIONVM
1342 1051 1588 1135 oscssvtt.

439 1346 516 1408 Com
541 1353 611 1421 post
625 1344 684 1404 Th.
702 1343 883 1404 Mommseni
906 1343 1015 1402 librum
1038 1345 1075 1402 de
1097 1341 1235 1400 dialectis
1253 1340 1360 1403 Italiae
1382 1340 1535 1402 inferioris
1559 1343 1700 1419 seriptum

356 1471 415 1510 nou
439 1469 536 1528 ponne
556 1449 681 1509 intente
703 1454 732 1506 et
753 1444 907 1526 publicato
928 1445 988 1504 sint
1012 1446 1133 1524 lingone
1157 1443 1257 1504 Oscae
1279 1457 1487 1520 monumento,
1513 1445 1566 1504 sed
1589 1465 1628 1505 eo
1649 1467 1702 1524 per

357 1555 469 1614 multos
491 1551 586 1610 libros
612 1551 723 1626 possim
746 1549 896 1626 disperso,¹
920 1549 964 1606 ito
985 1557 1019 1607 ut
1040 1545 1163 1624 iouguu·
1188 1539 1228 1605 sit
1249 1565 1286 1604 eo
1308 1547 1497 1624 conquirere,
1524 1549 1549 1606 si
1572 1549 1641 1625 quis
1663 1567 1702 1606 ex

355 1657 399 1716 eis
422 1659 551 1714 t'ruotnm
575 1669 698 1729 corpere
722 1651 795 1712 velit
816 1650 853 1709 sd
874 1650 977 1711 studio
999 1650 1046 1708 vei
1072 1669 1172 1710 rernm
1195 1649 1241 1708 vei
1265 1649 1435 1728 linguarum
1460 1650 1632 1712 italicorum
1657 1671 1701 1709 rr.-

359 1757 503 1828 ooienrh,
525 1775 584 1815 nou
608 1754 739 1816 eiieuum
762 1771 830 1813 esse
852 1773 868 1811 tt
890 1755 1061 1812 rationibus
1083 1753 1173 1812 huius
1196 1751 1397 1830 ephemeridis
1421 1753 1552 1826 videtur,
1582 1753 1701 1814 iiiurutu

358 1861 593 1937 inscriptionum
615 1859 857 1935 supplementum
880 1856 930 1914 itio
951 1855 984 1916 in
1006 1867 1169 1929 conspeetu
1192 1874 1314 1932 ptinere,
1336 1855 1379 1914 its
1394 1855 1565 1920 utnornino
1585 1875 1620 1916 so
1635 1857 1703 1915 iibri

361 1965 494 2024 virorum
509 1961 667 2020 doc-torum
684 1969 834 2030 notentur,
857 1959 911 2035 qni
933 1975 985 2017 ess
1002 1967 1055 2018 out
1068 1957 1238 2033 descriptos
1251 1957 1420 2030 ediderunt,
1442 1969 1494 2016 sut
1517 1959 1593 2018 scite
1614 1961 1704 2019 iuter-

356 2066 467 2146 prototi
489 2075 575 2150 sunt,
603 2077 630 2121 et
655 2063 748 2122 verbo
770 2059 853 2124 Osos
874 2079 977 2120 eorum
1001 2059 1112 2120 Latino
1135 2077 1293 2131 sermone,
1323 2065 1468 2138 quantum
1492 2063 1556 2121 tisri
1584 2063 1705 2140 poterit,

356 2174 497 2228 ertnrrets
529 2165 775 2225 annotationibus
808 2163 987 2242 quibusdam
1021 2163 1148 2224 subinde
1192 2163 1317 2222 odientis
1352 2171 1495 2240 tanquam
1525 2165 1704 2224 brevissimo

357 2268 607 2330 ettmtnentsriolo
636 2268 828 2345 explieentur
849 2275 881 2325 et
901 2265 1100 2325 illustrentur.
1148 2268 1246 2343 Atque
1275 2269 1305 2324 iu
1333 2267 1389 2326 hec
1417 2265 1582 2345 scriptione
1610 2267 1703 2328 semol

356 2377 470 2434 dietum
493 2375 579 2444 volo,
607 2389 653 2428 ms
682 2367 772 2446 plene
802 2363 983 2428 abstinuisse
1009 2387 1028 2427 a
1050 2368 1230 2428 coniecturis
1258 2388 1362 2428 eorum
1391 2369 1623 2448 persequendis,
1652 2371 1703 2447 qui

359 2495 438 2536 noun
461 2491 582 2552 quoque
605 2483 713 2549 potunt
734 2471 791 2533 sibi
817 2471 916 2530 linere.
940 2471 976 2530 ds
1001 2471 1047 2530 bis
1071 2471 1192 2548 linguae
1215 2471 1316 2532 Oscos
1339 2473 1540 2532 toouornrutis
1563 2473 1704 2538 seribere,

358 2577 507 2656 quidquid
529 2576 588 2635 sibi
611 2577 713 2635 animo
736 2575 862 2653 fingunt,
885 2573 959 2632 nibil
982 2589 1123 2633 currentes
1145 2582 1196 2632 sut
1218 2574 1263 2632 rei
1284 2575 1497 2652 epigraphirue
1514 2573 1702 2652 disciplinatu

357 2687 410 2740 sot
432 2681 604 2757 linguarum
619 2679 794 2737 Italicarum
817 2676 1029 2754 cognitionem.
1064 2675 1111 2735 De
1134 2665 1380 2754 inscriptionibus
1395 2678 1488 2756 igitur
1503 2677 1603 2748 Oscis,
1626 2695 1703 2754 quoe

358 2793 429 2862 post
450 2781 632 2842 Mommsoni
654 2777 767 2842 librum·
786 2779 817 2838 iu
841 2778 936 2836 iucem
960 2777 1151 2854 prodierunt,
1180 2781 1222 2837 its
1244 2793 1331 2858 egam
1363 2779 1418 2838 heo
1440 2780 1703 2848 commentatione,

358 2897 390 2945 ut
411 2886 547 2946 ordinent
570 2882 727 2960 regionum
752 2881 946 2956 ioenrumquo
962 2898 1083 2960 sequor,
1106 2881 1156 2940 ubi
1179 2882 1318 2941 inventae
1334 2882 1406 2952 siut,
1429 2883 1615 2960 siuguiorutn
1633 2901 1703 2942 voro

357 2989 492 3048 locorum
524 2987 629 3045 sisoius
659 2983 822 3044 seeundum
851 3001 964 3060 gottern
990 2999 1093 3042 eornm
1122 2983 1288 3060 dispositos
1323 2985 1354 3044 in
1382 2985 1514 3045 modium
1542 2985 1701 3064 proferam,

358 3090 539 3166 ubicumque
560 3107 597 3148 es
618 3094 740 3147 exstare
763 3087 909 3146 videntur.

814 3373 1049 3434 GAMPANIA.
1093 3371 1246 3434 cst’vu.

359 3538 386 3597 1.
432 3535 561 3596 Lentino
588 3533 731 3610 plumbeo
753 3531 913 3590 convoluto
935 3552 1004 3592 enm
1028 3531 1114 3593 titulo
1136 3533 1330 3594 dextrorsum
1354 3533 1482 3614 scripto,
1508 3535 1540 3594 iu
1563 3536 1704 3612 sepulcro

403 3636 508 3717 oppidi
529 3635 563 3697 S.
579 3633 685 3694 Morio
706 3637 737 3693 di
759 3633 864 3712 Capua
886 3653 965 3692 euno
990 3635 1070 3698 1857
1093 3653 1111 3695 a
1134 3633 1278 3697 Simmoeo
1300 3638 1398 3698 Dorio
1425 3639 1549 3697 inventa
1578 3649 1608 3696 et
1633 3657 1703 3696 evo·

401 3741 476 3814 luto,
499 3758 578 3798 none
601 3738 629 3795 in
654 3754 759 3796 museo
780 3735 1000 3814 Neapolitano:

515 3872 623 3973 step]
652 3871 751 3948 klum
768 3929 776 3946 .
792 3871 915 3948 virriis

516 4009 554 4070 tr
605 3994 793 4095 stl(?)sptu
813 3995 969 4070 ‚virriiis

516 4118 566 4218 pl.
621 4117 695 4194 osis
711 4173 719 4190 .
736 4114 878 4190 bivellis

514 4237 639 4340 tippiis
655 4299 663 4316 .
681 4237 884 4337 helievi[i]s

517 4359 653 4436 lovikis
679 4358 828 4436 nhiavis

517 4481 638 4558 statiis
655 4539 662 4554 .
678 4479 817 4582 gentiiis
833 4536 841 4554 .
858 4506 930 4582 nep
959 4485 1089 4556 fatiunt
1108 4539 1115 4556 .
1133 4509 1205 4584 nep
1221 4541 1229 4560 .
1245 4485 1394 4562 deikum
1412 4545 1418 4560 .
1434 4493 1586 4589 potione

518 4656 638 4733 iuvkis
654 4715 661 4732 .
677 4649 826 4734 t'thtevis
841 4711 850 4732 .
866 4659 1052 4738 ntivellnm
1084 4661 1228 4737 vellium

518 4808 589 4883 nep
605 4835 613 4854 .
630 4777 776 4855 deikunt
810 4807 879 4880 uep
895 4838 904 4854 .
919 4783 1051 4856 fatiunt
1079 4785 1208 4883 posted

518 4929 591 5006 nep
608 4961 616 4977 .
633 4901 807 5004 momnim
824 4957 832 4974 .
849 4927 921 5002 usp
938 4959 945 4976 .
964 4903 1060 4978 tilam
1078 4965 1086 4979 .
1102 4907 1183 4981 siiei
1200 4965 1207 4981 .
1224 4907 1362 5012 heriied
1377 4911 1423 5008 ¹).

444 5113 465 5176 ¹)
496 5113 601 5164 Punctis
619 5112 772 5180 subscriptis
791 5117 879 5165 poteri
899 5111 1012 5184 titum,
1038 5117 1187 5188 quecquid
1207 5119 1354 5186 significent,
1371 5132 1494 5190 oppsrrt,
1522 5129 1549 5172 ot
1567 5121 1600 5174 sb
1620 5121 1708 5192 utiquo

365 5211 438 5271 parto
456 5206 590 5258 montone
608 5213 678 5262 sunt·
