3848 5850
655 627 764 710 resur
791 625 873 680 rso.
901 626 1031 678 uentu.
1465 601 1513 675 ut

172 801 228 860 nisi
251 817 417 879 cognomen
442 799 526 861 dent·
566 799 681 863 Ultimo
705 800 802 861 littere
821 815 845 860 ο
867 816 951 859 mors
972 798 1003 856 in
1026 796 1155 874 lapideis
1179 797 1266 856 lestis
1290 795 1424 872 legitimo
1445 811 1516 871 sup·

173 919 276 978 presse
300 911 363 974 cst,
390 921 427 962 ns
450 905 599 982 scripture
626 903 732 962 lineum
757 901 924 961 excederet.
968 895 1021 962 Sic
1041 900 1071 958 in
1097 897 1268 976 capitolinis
1291 911 1427 958 uomitu
1442 911 1517 958 ου-

172 1003 306 1089 motin,
327 1003 475 1076 rsoyrulu
488 1033 496 1050 ·
509 1019 647 1064 svovtru
671 1003 812 1082 (0.1.L.
833 1001 849 1062 l
872 1017 900 1082 p.
917 999 1010 1076 tus),
1037 1012 1129 1078 utque
1149 1001 1194 1060 its
1214 1015 1305 1078 porro
1359 999 1401 1060 bl.
1418 997 1517 1060 liore-

172 1107 244 1164 tium
267 1105 420 1164 consulem
444 1123 471 1164 e.
488 1105 550 1166 305
573 1105 685 1184 duplici
701 1105 882 1188 cognomine¹
898 1121 984 1166 usum
1001 1117 1069 1162 esse
1092 1106 1148 1164 boc
1170 1103 1299 1182 primum
1321 1111 1516 1162 monumento

170 1206 326 1266 discimus.
369 1207 467 1284 quue
494 1224 531 1266 eo
559 1207 656 1286 mrgis
682 1214 803 1284 prsetsr
830 1205 1088 1283 exspectetionem
1118 1204 1243 1276 recidit,
1276 1202 1358 1280 quod
1391 1203 1516 1264 citerius

170 1307 303 1368 eiusdem
327 1307 557 1368 enni-consulis
576 1307 615 1367 L.
626 1307 741 1368 Vulsrii
766 1325 856 1370 unum
880 1315 995 1369 tuntum
1019 1308 1048 1367 bl
1072 1305 1143 1368 lusti
1164 1321 1330 1384 cognomen
1352 1305 1516 1377 exhibenti

170 1427 258 1484 quem
285 1405 470 1488 Poplicolsrn
494 1409 626 1470 Potitum
654 1425 721 1470 ecte
750 1409 969 1488 triumphorum
995 1409 1151 1490 appellunt
1177 1409 1213 1484 (l.
1229 1407 1411 1486 eplbl).
1453 1403 1514 1469 een

169 1527 378 1588 qosoeumqus
399 1529 489 1572 croso
513 1511 611 1584 luerit,
633 1530 687 1572 cur
702 1511 843 1572 msiorem
860 1513 891 1572 in
906 1509 1025 1574 Horatii
1049 1527 1140 1589 qusm
1163 1509 1320 1570 invelsrii
1344 1507 1515 1570 nominibus

170 1611 356 1691 diligentium
378 1621 484 1673 ructor
505 1623 608 1673 noster
629 1615 831 1692 praestiterit,
859 1613 897 1672 de
917 1633 951 1674 re
974 1615 1038 1694 ipss
1062 1611 1151 1673 etde
1175 1621 1293 1689 reperto
1315 1610 1425 1688 duplici
1452 1609 1517 1670 llo·

171 1714 245 1774 retii
260 1715 438 1794 cognomine
466 1716 579 1794 smbigi
605 1716 696 1794 plene
718 1715 831 1793 nequit.
875 1713 965 1776 Nono
984 1715 1077 1794 queis
1098 1715 1174 1776 illu'd
1196 1731 1362 1794 cognomen
1386 1713 1444 1786 tit,
1472 1712 1516 1772 vi*-

168 1815 305 1876 dssmes.
336 1816 501 1892 Quaerenti
523 1833 690 1897 cognomen
713 1819 741 1877 in
757 1831 871 1878 strnvt
893 1817 1035 1878 desinens
1057 1817 1141 1896 pluro
1164 1817 1267 1877 stetim
1291 1821 1457 1886 occurrunt,
1483 1821 1518 1874 ut

169 1931 314 1990 mutnus,
343 1933 502 1995 nunnus,
534 1919 663 1994 similis,
694 1920 748 1982 sed
775 1933 816 1982 'ss
850 1920 1079 1996 antiquissime
1111 1919 1152 1980 lt.
1178 1917 1301 1978 Horatii
1334 1916 1425 1977 sstrtl
1458 1916 1514 1976 uix

169 2019 247 2080 setis
283 2019 501 2082 convenientis.
555 2019 643 2097 Qure
678 2021 821 2082 desinunt
855 2021 899 2080 ln'
922 2037 1149 2084 ...annuus
1185 2021 1378 2098 cognomine,
1413 2016 1516 2079 Verri·

170 2137 252 2194 nuos
273 2121 439 2194 Turrinus,
470 2121 528 2183 slis
556 2123 675 2201 (neqm
702 2123 782 2183 eninr
813 2123 933 2204 singule
968 2121 1153 2203 persequor)
1183 2121 1391 2200 untiquitrtsnr
1421 2121 1518 2199 megis

171 2222 314 2282 redolent.
358 2221 523 2285 'lutrinum
546 2225 704 2286 consulum
732 2225 803 2286 festi
830 2225 961 2285 oderunt
982 2245 1053 2286 s.u.
1070 2245 1096 2286 c.
1113 2223 1184 2286 515.
1227 2223 1260 2283 ls
1289 2223 1320 2284 in
1344 2222 1518 2301 ospitolinls

171 2323 441 2385 tubulis-scribitur
455 2339 660 2388 e·tnsnurvs
671 2357 679 2373 ·
692 2344 735 2401 o„-
745 2343 763 2386 s
773 2353 782 2374 ·
793 2341 839 2399 o„-
851 2343 873 2386 re
886 2327 1064 2388 murrinos
1080 2329 1113 2402 (l.
1127 2345 1153 2386 c.
1169 2343 1199 2403 p.
1212 2325 1299 2403 485).
1332 2323 1402 2386 Hoc
1414 2325 1515 2402 ipsum

168 2424 290 2486 ‘lunini
312 2443 479 2504 cognomen
501 2427 542 2488 ld.
563 2426 689 2488 ilorrtio
711 2449 739 2488 s.
762 2427 822 2488 305
849 2430 966 2489 consuli
998 2429 1138 2490 ier-ierom
1164 2429 1326 2488 latinorum
1351 2427 1516 2506 lrsgmeotr

169 2543 235 2586 tom
261 2527 386 2590 Diodori
410 2530 500 2590 siculi
524 2529 611 2590 iestis
633 2531 743 2590 colluto
770 2547 836 2590 meo
860 2531 970 2592 iudicio
993 2533 1156 2592 vindicent.
1201 2528 1329 2590 Diodori
1354 2527 1441 2604 (xil,
1461 2527 1517 2603 26)

168 2627 331 2706 oodiues¹l
354 2631 425 2690 enni
447 2631 509 2692 305
531 2633 673 2694 eonsules
694 2633 752 2692 hoc
773 2633 880 2692 ordine
900 2643 1030 2712 ponunt:

626 2793 745 2882 ttripnor
764 2795 898 2890 'Optimos

627 2897 747 2970 Arduus·
767 2897 923 2992 Odoebipruc
942 2897 1104 2991 Τούρπινος.

172 3093 208 3156 ln
232 3094 353 3156 llorstii
376 3097 572 3172 praenomine
593 3117 679 3158 error
702 3097 896 3158 menifestusr
923 3097 975 3159 eod
999 3096 1133 3158 codicum
1157 3103 1306 3156 setostote
1328 3103 1359 3154 et
1379 3095 1518 3156 librario·

171 3213 234 3256 rum
258 3197 377 3260 inscitie
402 3191 523 3273 ttcipxoe
543 3200 654 3260 lectum
678 3189 833 3284 elrla'prrer
856 3217 943 3260 nemo
965 3201 1082 3277 peritus
1106 3199 1271 3258 mirabitur.
1304 3197 1400 3258 biulto
1421 3197 1519 3264 msior

170 3307 199 3358 et
220 3297 309 3358 ouius
331 3317 390 3360 non
413 3300 492 3360 sdeo
515 3301 605 3378 plene
628 3301 710 3362 reddi
736 3301 811 3361 rstio
835 3302 933 3378 possit
953 3301 1127 3378 corruptele
1147 3311 1195 3360 est
1208 3299 1397 3378 cognominis
1412 3297 1518 3358 L.Vn·

170 3398 246 3484 lsrii,
268 3399 320 3477 qui
344 3419 411 3462 uum
433 3404 553 3464 Ποτῖτος
578 3401 720 3464 fueritin
744 3401 873 3462 Diodori
898 3402 1052 3464 codicibus
1075 3402 1184 3462 dicitur
1205 3393 1370 3483 Trupmvoe.
1405 3400 1516 3461 Verum

170 3501 197 3560 si
223 3501 361 3566 emendes
387 3494 542 3588 Toripmvot
567 3521 587 3563 s
607 3501 757 3590 Trup'p‘ivoe
785 3505 835 3565 rix
862 3523 1022 3582 quicquum
1049 3504 1178 3576 distare,
1212 3503 1269 3564 bec
1295 3503 1423 3562 lectione
1450 3521 1516 3562 cum

172 3601 330 3664 latinarum
355 3605 442 3665 lestis
456 3606 578 3681 oollsts,
600 3607 718 3685 opinor,
740 3607 900 3686 intelleges
924 3607 1066 3666 librarios
1088 3605 1129 3666 lt
1146 3605 1266 3666 llorstii
1288 3621 1457 3684 cognomen
1479 3605 1517 3664 ed

171 3703 206 3765 la.
217 3703 372 3766 Valerium
395 3707 599 3781 uenstullsse,
624 3716 655 3768 et
675 3709 707 3769 in
728 3707 867 3768 Diodoro
890 3704 1006 3790 Μάρκος
1025 3697 1158 3792 ‘Opa'rtue
1180 3702 1337 3790 Τουρρῗνος,
1364 3709 1395 3767 in
1419 3705 1523 3784 lupide.

171 3810 596 3870 monacnum-utum
621 3809 731 3870 werlu
764 3827 834 3872 esso
868 3809 1063 3872 restituendo.
1112 3808 1189 3870 'l'em
1225 3828 1324 3870 rerum
1352 3827 1517 3888 cognomen

174 3907 215 3966 lt.
229 3907 364 3970 llorstio
386 3910 416 3970 in
439 3913 508 3989 ipso
532 3913 662 3974 iurlssso
684 3912 841 3972 corrsuletu
864 3921 895 3972 et
907 3913 1061 3986 triumpho
1075 3927 1145 3972 esse
1167 3911 1347 3972 adtributum
1371 3910 1518 3988 queedum
1549 3891 1569 3932 ⁴

174 4012 244 4070 mibi
268 4013 439 4072 coniectore
464 4015 629 4094 suggessit.
674 4011 732 4074 llle
754 4014 832 4074 eninr
856 4015 893 4073 do
909 4012 1033 4074 Sabinis
1056 4012 1267 4090 triumphetitr
1290 4021 1321 4074 et
1343 4013 1371 4073 in
1395 4001 1522 4082 Sebinis

171 4110 363 4172 lstiiondiurn
386 4125 434 4175 set
451 4113 547 4188 Torrr',
571 4115 725 4194 pelasgioi,
749 4123 783 4176 ut
804 4113 946 4192 Nibbyus
968 4115 1042 4186 vult,
1066 4115 1169 4193 templi
1192 4116 1323 4194 ullisque
1346 4117 1521 4200 monumenfv

174 4220 270 4273 torum
295 4217 390 4276 ruinis
419 4215 608 4278 nobilitetur»
636 4215 766 4294 (Nitor,
792 4215 935 4278 Decuma·
961 4219 993 4276 di
1014 4217 1106 4276 Romu
1127 4216 1152 4288 1.
1174 4216 1269 4294 bid„
1296 4215 1378 4293 qood
1405 4215 1520 4274 ibn-ins

172 4327 202 4376 et
228 4320 372 4377 ciuitatem
399 4323 547 4395 uotiuum
573 4317 665 4379 Gadis
692 4329 796 4380 vetere
823 4317 982 4380 Feriensis
1010 4317 1145 4378 coenobii
1172 4317 1335 4396 diplomate
1366 4301 1522 4395 appellent

173 4415 335 4493 (Galloni,
363 4417 456 4478 ueto
481 4425 580 4480 untiou
605 4423 675 4480 cittd
701 4421 781 4480 della
804 4418 919 4480 Sabinu
945 4432 1079 4496 cooperta
1107 4439 1156 4480 oue
1180 4421 1196 4478 l
1218 4437 1271 4480 ura
1297 4419 1395 4491 Torri,
1422 4417 1519 4478 Romo

178 4509 282 4596 1757).
327 4517 440 4593 Quidni
465 4523 555 4598 igitur
579 4533 738 4598 utrumque
761 4522 820 4582 loci
845 4541 951 4582 nomen
974 4524 1130 4597 antiquum
1148 4522 1188 4580 sit
1209 4531 1239 4580 et
1258 4521 1298 4580 Μ.
1315 4519 1461 4580 Horatius
1483 4539 1521 4578 eu

174 4619 240 4680 loro
268 4617 400 4682 Sabinos
430 4623 556 4698 luderit,
588 4623 763 4701 idcircoque
792 4623 943 4684 Turrinus
977 4623 1103 4682 honoris
1136 4639 1229 4682 csuse
1261 4621 1302 4680 eit
1328 4621 1520 4700 sppsllstusi

177 4719 256 4780 Huic
278 4733 375 4782 temen
397 4725 589 4784 coniectum
611 4723 782 4802 Dionysius
804 4737 836 4786 ot
855 4723 965 4785 Livius
990 4743 1096 4804 perum
1119 4723 1236 4798 levent3
1266 4725 1315 4801 qui
1339 4720 1520 4785 Subinorum

175 4831 273 4883 cestre
304 4824 383 4885 circe
407 4823 531 4886 Eretum
563 4826 678 4886 munite
705 4834 842 4900 nerrsntr
871 4823 980 4886 Turris
1001 4844 1076 4893 reto
1098 4835 1213 4906 septem
1235 4823 1354 4900 circiter
1374 4841 1520 4904 puteum

177 4920 308 4987 millibus
330 4943 420 5004 supro
444 4925 568 4990 Eretum
591 4928 649 4988 situ
672 4927 772 4990 Rome
793 4927 914 5006 longius
936 4927 1032 4988 obern.

251 5201 278 5266 ¹)
301 5201 521 5270 [Antiqui-imus
539 5205 655 5258 omnium
675 5203 762 5259 Petmi
784 5203 866 5271 nupsr
886 5201 1001 5270 repertus
1021 5205 1148 5256 hocloco
1167 5217 1181 5256 ι
1202 5203 1352 5272 sulgsrlbus
1371 5217 1403 5256 so
1421 5209 1520 5256 tentum

177 5293 293 5366 uocem
314 5295 384 5364 qnos
404 5295 441 5348 ut
461 5285 612 5369 er‘ue'pm
631 5287 746 5370 uptun.
787 5295 841 5348 nr.
854 5295 906 5362 ss]
1164 5335 1166 5340 .

1276 5385 1295 5446 ‘l
