3812 5856
628 583 828 635 rnuuosrs
849 581 1035 634 ιιιιιιιιιοιι.
1140 659 1142 662 ¹
1429 564 1502 636 355

161 691 173 697 ..
180 691 237 697 -—--
245 687 485 697 nu--n--n———u-
493 685 844 694 -ψῃ--μ-ωψ-..

152 765 289 832 titeatar,
311 759 446 834 reliquos
468 775 581 830 omnes,
604 763 733 833 quaest
756 756 865 834 insigni
888 754 1036 830 socordia,
1069 773 1127 814 suo
1159 755 1227 815 loco
1253 754 1367 816 relatos
1395 757 1502 817 nihilo·

152 867 251 926 minus
274 881 334 922 non
361 859 569 938 deprehendit.

193 967 243 1028 Ex
266 973 409 1044 quattuor
428 971 461 1023 et
482 963 588 1040 viginti
617 961 732 1034 titulis,
760 979 837 1038 quos
868 980 937 1020 rere
960 959 1173 1038 Desjardinius
1201 959 1277 1020 meis
1306 960 1438 1038 addidit,
1466 985 1504 1024 ne

153 1089 229 1132 unus
252 1067 372 1147 quidem
394 1073 456 1139 est,
479 1083 569 1142 quem
593 1077 644 1124 aut
666 1073 784 1124 constet
811 1074 864 1124 aut
886 1065 1041 1142 probabile
1063 1068 1104 1125 sit
1128 1065 1226 1124 fuisse
1247 1064 1279 1124 in
1301 1083 1421 1138 museo,
1443 1084 1503 1144 quo

93 1184 94 1187 ’
150 1186 285 1251 tempore
307 1189 365 1247 ego
386 1168 417 1228 id
440 1169 551 1228 iterata
573 1169 639 1228 rice
662 1169 854 1244 perlustravi.
900 1167 991 1242 Quod
1019 1177 1119 1226 autem
1148 1167 1191 1226 ait
1212 1167 1302 1226 bomo
1324 1186 1393 1226 mea
1413 1168 1504 1246 culpa

150 1280 257 1338 abesse
281 1293 300 1334 a
321 1271 458 1349 Corpore
492 1271 597 1332 titulos
629 1275 660 1330 in
683 1289 821 1330 museum
855 1270 967 1330 inlatus
991 1277 1070 1329 inter
1091 1269 1121 1328 id
1147 1280 1266 1348 tempus
1288 1281 1319 1329 et
1340 1271 1503 1332 voluminis

149 1379 323 1450 editionem,
355 1395 392 1434 eo
424 1374 525 1451 arguit
547 1391 581 1432 se
613 1375 645 1433 in
666 1375 751 1432 bisce
773 1373 882 1433 studiis
906 1373 1001 1432 multo
1025 1373 1122 1450 magis
1145 1387 1294 1433 recentem
1318 1391 1387 1434 esse
1410 1392 1500 1451 quam

150 1502 217 1543 eum
240 1481 315 1558 ipse.
358 1477 459 1536 Velim
482 1481 635 1537 examinet
658 1475 800 1534 volumen
821 1489 1017 1552 numeretque
1038 1493 1146 1534 musea
1167 1476 1199 1534 in
1221 1495 1258 1535 eo
1280 1476 1502 1555 comprehensa

150 1587 316 1660 doceatque
338 1579 457 1652 deinde,
480 1583 531 1657 qui
548 1579 627 1640 effici
643 1579 751 1656 possit,
774 1588 808 1638 ut
821 1589 929 1656 postea
944 1587 1066 1654 reperta
1081 1577 1287 1654 undecumque
1302 1578 1340 1637 ed
1356 1579 1502 1638 editorem

150 1689 254 1750 eodem
272 1697 408 1765 tempore
423 1702 519 1760 eoque
532 1683 612 1742 insto
628 1681 802 1740 afferantur.
848 1679 916 1760 Ego
931 1691 1005 1759 pnto
1020 1699 1067 1739 me
1083 1680 1194 1740 fecisse
1210 1681 1291 1758 quod
1308 1681 1373 1740 lieri
1388 1682 1500 1758 potuit;

148 1793 195 1852 bis
212 1809 347 1852 museum
364 1789 544 1849 Pestinensc
561 1793 655 1844 totum
672 1785 796 1842 excussi
811 1791 915 1860 itaque
931 1802 967 1840 eo
983 1781 1117 1860 perveni,
1141 1793 1172 1842 ut
1195 1783 1300 1842 titulos
1323 1785 1453 1862 scriptos
1470 1786 1500 1844 in

149 1913 185 1954 eo
201 1893 378 1954 adserentes
394 1893 431 1950 ad
449 1909 541 1950 unam
558 1905 663 1947 omnes
680 1887 823 1947 exhibere
840 1887 990 1962 potuerim
1006 1906 1026 1944 a
1040 1905 1088 1945 me
1103 1886 1284 1962 descriptos.
1308 1885 1428 1945 Deinde
1442 1888 1500 1947 sub

148 2000 238 2056 linem
261 1996 363 2075 operis
379 1995 542 2054 Romerum
557 1991 709 2050 bominem
731 1989 1007 2062 laboriosissimum
1025 1995 1056 2048 et
1075 1989 1290 2048 amicissimum
1306 2009 1360 2064 per
1381 1989 1499 2048 litteras

150 2099 264 2176 rogeri,
287 2107 321 2158 ut
341 2097 533 2157 submitteret
555 2111 634 2172 quae
658 2101 763 2170 parete
784 2093 918 2165 baberet,
941 2109 1081 2168 quaeque
1102 2091 1195 2164 misit,
1223 2112 1260 2152 ea
1281 2093 1312 2150 in
1334 2093 1499 2170 appendice

147 2201 248 2278 posui.
297 2197 357 2260 Sed
392 2201 470 2256 banc
502 2214 587 2256 meae
620 2195 754 2254 incuriae
787 2195 1073 2254 demonstrationem
1110 2194 1201 2272 plane
1233 2195 1498 2270 Desjardinienanr

148 2324 257 2365 numen
286 2305 361 2362 artie
385 2310 515 2372 nostrae,
550 2299 615 2357 sire
637 2297 778 2356 Tutelam
812 2297 967 2357 titulorum
1001 2315 1066 2356 earn
1090 2297 1233 2357 dicemus·
1258 2297 1322 2356 sive
1343 2293 1498 2370 Nemesin,

148 2407 249 2467 statim
274 2381 446 2464 vindicarit.
492 2401 614 2462 Scilicet
646 2401 742 2459 edidit
775 2418 854 2459 anno
885 2399 964 2459 1873
989 2401 1035 2459 rir
1067 2400 1173 2459 doetus
1197 2399 1357 2459 Parisinus
1391 2401 1497 2461 titulos

147 2528 208 2570 non
230 2507 282 2586 qui
310 2516 372 2566 tum
396 2512 499 2566 essent
521 2505 551 2562 in
575 2521 680 2563 museo
702 2502 885 2574 Pestinensi,
918 2501 973 2562 scd
996 2501 1046 2580 qui
1080 2503 1122 2562 ibi
1155 2511 1258 2562 essent
1279 2520 1339 2579 quo
1362 2512 1497 2581 tempore

147 2613 213 2690 ipse
234 2611 353 2671 Pestini
375 2609 441 2680 luit,
469 2607 616 2684 plurimos
638 2614 736 2664 autem
759 2616 791 2664 et
812 2606 951 2683 egregios
974 2604 1077 2664 titulos
1099 2603 1276 2683 appendicis
1297 2603 1498 2665 Rumorianee

147 2715 213 2794 (qui
236 2721 312 2791 quot
333 2711 403 2784 sint,
426 2710 485 2786 ipsi
508 2708 710 2767 numerandos
733 2707 897 2784 relinquo),
922 2719 954 2766 ot
975 2708 1073 2786 ipsius
1091 2689 1238 2768 vocabulo
1262 2719 1339 2781 utar,
1359 2705 1497 2782 ‘omisit',

146 2821 327 2897 poteritque,
360 2813 387 2872 si
409 2812 519 2888 placet,
552 2812 679 2870 alterum
707 2811 777 2869 inde
803 2829 863 2868 non
884 2811 982 2870 minus
1006 2810 1128 2869 uberem
1150 2809 1327 2870 fasciculum
1350 2813 1499 2872 conficere

144 2921 325 2995 inscriptum
347 2917 526 2976 Desiderato
548 2915 597 2972 des
619 2913 804 2972 Desiderato.

189 3019 387 3082 Instrumenti
408 3017 567 3077 domestici
596 3015 701 3075 titulos
723 3013 792 3087 XL,
826 3033 904 3092 quos
939 3022 972 3073 ut
994 3013 1122 3093 Corpori
1157 3015 1281 3075 adderet
1294 3014 1498 3092 ·Desjardinio

148 3125 230 3184 felici
253 3121 367 3181 bomini
390 3119 526 3196 contigit,
550 3137 610 3177 non
633 3136 799 3196 persequar
821 3118 969 3177 similiter.
1015 3115 1095 3178 Sunt
1128 3120 1159 3178 in
1191 3117 1238 3177 bis
1260 3117 1313 3176 alii
1335 3137 1432 3194 nuper
1454 3141 1497 3178 re·

147 3227 234 3306 perti,
262 3224 314 3284 alii
336 3224 418 3300 iique
440 3223 531 3301 longe
553 3221 656 3299 plures
679 3221 710 3279 in
732 3214 941 3280 ‘Desiderstr’
962 3221 1036 3279 haee
1058 3221 1146 3280 relati
1174 3239 1286 3282 errore.
1329 3222 1374 3282 Ut
1395 3223 1497 3300 tegula

147 3350 176 3389 n.
199 3327 258 3387 273
282 3344 349 3386 mea
382 3335 429 3386 est
458 3323 548 3395 1629,
580 3323 617 3381 15
640 3343 658 3381 e
679 3323 876 3398 Deejardinin
910 3323 988 3382 male
1020 3332 1163 3400 corrupta
1196 3343 1294 3402 neque
1316 3325 1434 3402 agnitor
1463 3337 1497 3384 ut

147 3430 265 3510 pondus
286 3449 316 3488 n.
332 3425 392 3489 241
428 3437 477 3486 cst
508 3426 539 3486 in
563 3423 699 3503 Corpore
720 3447 748 3484 ιι.
766 3423 855 3497 277⁴,
879 3425 958 3501 quod
982 3423 1041 3484 non
1075 3427 1170 3484 miror
1202 3446 1271 3486 earn
1297 3427 1495 3505 ignoravisse,

147 3534 199 3593 sed
223 3534 280 3590 boe
303 3529 351 3590 rel
372 3531 402 3590 in
426 3531 482 3588 boc
503 3529 625 3589 bomine
641 3529 735 3587 miror
756 3527 902 3588 eiusruodi
918 3537 1088 3588 monstrum
1110 3547 1165 3606 pro
1188 3531 1321 3608 genuino
1337 3530 1495 3590 venditari.

147 3636 218 3695 Non
246 3635 343 3712 magis
371 3631 521 3691 intellexit
545 3632 684 3710 imperite
705 3629 866 3690 confictum
887 3649 955 3691 esse
978 3631 1168 3709 signaculum
1189 3651 1219 3691 ιι.
1236 3629 1296 3690 247
1321 3648 1495 3692 ιιιΑνΔιΑεε.

146 3737 286 3814 Denique
308 3755 368 3796 non
391 3735 519 3794 attendit
543 3735 580 3792 ad
612 3733 643 3792 id
665 3735 747 3810 quod
779 3734 881 3792 monui
914 3755 944 3812 p.
962 3735 1021 3794 743
1045 3735 1076 3793 in
1098 3735 1299 3795 instrumento
1328 3735 1495 3795 domestico

147 3839 305 3918 complura
331 3857 409 3916 quae
437 3837 564 3914 originis
592 3837 718 3896 Italicae
745 3836 793 3894 rel
827 3847 908 3896 certe
942 3857 1048 3914 parum
1081 3845 1179 3896 certas
1212 3855 1280 3898 esse
1312 3837 1494 3910 viderentur,

146 3943 309 4002 tradidisse
330 3959 378 3999 me
400 3939 525 4016 collegis
548 3940 610 3998 alio
632 3939 699 3997 loeo
722 3937 852 4008 edenda3
875 3949 909 3998 ut
930 3940 982 4016 qui
1005 3939 1078 3999 talia
1098 3944 1130 3998 in
1146 3938 1337 4000 Desideratis
1356 3941 1494 4014 collocat,

147 4063 214 4104 mea
236 4063 297 4103 non
312 4043 452 4120 corrigat,
477 4041 530 4100 sed
546 4050 729 4117 corrumpat.
774 4040 907 4101 Omnino
930 4045 1048 4119 tegulas
1063 4052 1094 4101 et
1113 4043 1348 4103 instrumentum
1375 4043 1492 4104 unirer·

147 4165 214 4206 sum
241 4144 453 4221 Dcejardinius
486 4151 548 4204 tem
570 4144 738 4203 incredibili
766 4145 956 4224 neglegentia
989 4146 1139 4216 tractarit,
1173 4151 1206 4204 ut
1237 4146 1269 4204 in
1299 4147 1349 4205 his
1371 4145 1493 4224 ipsese

147 4248 307 4325 superarit.
351 4244 433 4320 Quid
455 4247 534 4322 quod
562 4248 741 4306 necessitate
768 4257 892 4308 coactus
919 4247 984 4323 ipse
1010 4247 1162 4307 Romerus
1188 4255 1283 4308 totum
1310 4247 1391 4306 bunc
1416 4257 1493 4308 trac-

146 4361 242 4410 tatum
266 4349 375 4408 abiecit
396 4349 532 4424 haecque
558 4354 660 4423 omnip
682 4368 738 4408 suo
757 4351 855 4409 Marte
882 4369 947 4408 cum
969 4349 1029 4408 fide
1050 4359 1081 4408 et
1101 4349 1252 4409 industria
1272 4351 1370 4410 denuo
1391 4369 1495 4410 reeen-

147 4452 217 4512 suit.
260 4451 328 4528 Ego
351 4451 381 4509 in
404 4450 453 4509 bis
476 4450 689 4510 additamentis
712 4452 796 4511 solae
818 4452 938 4531 tegulas
960 4459 1137 4530 persecutus
1163 4451 1227 4510 suis
1249 4451 1326 4512 locis
1352 4455 1493 4528 exposui,

147 4554 366 4630 Deejurdinius¹
384 4555 537 4629 quomodo
559 4571 612 4612 eae
634 4573 739 4614 omnes
762 4555 824 4612 lere
846 4555 924 4613 male
946 4555 1053 4630 legerit
1075 4564 1106 4613 et
1126 4571 1268 4630 perverse
1288 4553 1467 4615 confuderit.

191 4656 239 4716 sd
267 4656 431 4715 secundom
458 4655 595 4714 ordinem
622 4665 653 4714 et
678 4657 767 4733 eique
793 4675 832 4714 ex
861 4657 949 4716 tertio
973 4657 1032 4714 buc
1054 4656 1205 4733 pertinent
1225 4655 1380 4715 titulorum
1404 4676 1422 4715 a
1445 4676 1492 4718 me

146 4759 225 4818 male
248 4757 396 4817 editorum
419 4758 501 4835 quod
525 4757 641 4829 attinet,
665 4778 723 4817 non
746 4759 834 4836 pauci
857 4759 897 4818 ibi
920 4758 1099 4831 reseruntur,
1124 4759 1298 4835 quaemihi
1321 4768 1411 4818 antea
1431 4779 1492 4820 non

146 4863 242 4933 visos,
266 4861 319 4920 sed
342 4861 439 4920 editos
462 4859 500 4918 ad
523 4860 664 4936 exempla
686 4861 785 4919 aliena
807 4861 876 4939 plue
898 4861 998 4920 minue
1020 4861 1197 4938 imperfecta
1219 4860 1431 4937 Desjardiniue
1453 4883 1492 4922 ex

145 4963 320 5042 archetypis
342 4963 495 5040 pleniores
518 4971 549 5022 et
570 4963 788 5022 emendatiores
810 4968 978 5040 proposuit.
1021 4963 1098 5023 Item
1128 4963 1158 5022 in
1182 4963 1278 5022 titulis
1300 4963 1490 5039 quibusdam,

145 5073 177 5124 ut
192 5085 253 5126 non
269 5066 366 5142 potuit
377 5084 442 5124 non
457 5065 531 5136 lieri,
544 5083 628 5124 meos
644 5084 761 5124 errores
777 5075 856 5126 recte
872 5065 1005 5124 evitavit.
1029 5067 1072 5124 At
1086 5085 1147 5125 non
1162 5065 1259 5124 solum
1274 5065 1305 5124 in
1319 5065 1406 5143 longe
1422 5065 1490 5143 plu·

145 5167 231 5226 rimis
247 5168 405 5226 lectionem
428 5169 583 5228 erroribus
604 5167 791 5244 gravissimis
813 5168 983 5244 inquinavit
1005 5177 1035 5227 et
1055 5175 1135 5228 recte
1156 5167 1255 5227 editos
1277 5186 1368 5246 saepe
1390 5167 1489 5228 denuo

145 5269 273 5343 vitiavit,
285 5269 337 5328 sed
349 5271 439 5328 etiarn
453 5271 533 5329 mala
547 5270 652 5329 fraude
668 5270 770 5330 titulos
786 5271 988 5347 interpolavit.
1012 5269 1048 5328 Id
1060 5269 1159 5329 adbuc
1174 5270 1350 5347 ignorabam
1361 5289 1490 5348 eumque
