<?xml version="1.0" encoding="UTF-8"?>
<!DOCTYPE html PUBLIC "-//W3C//DTD XHTML 1.0 Transitional//EN"
    "http://www.w3.org/TR/xhtml1/DTD/xhtml1-transitional.dtd">
<html xmlns="http://www.w3.org/1999/xhtml" xml:lang="en" lang="en">
 <head>
  <title>
</title>
<meta http-equiv="Content-Type" content="text/html;charset=utf-8" />
  <meta name='ocr-system' content='tesseract 3.04.00' />
  <meta name='ocr-capabilities' content='ocr_page ocr_carea ocr_par ocr_line ocrx_word'/>
</head>
<body>
  <div class='ocr_page' id='page_1' title='image "./ephemerisepigra08instgoog/ephemerisepigra08instgoog_0127.png"; bbox 0 0 3848 5850; ppageno 0'>
   <div class='ocr_carea' id='block_1_1' title="bbox 372 550 1278 631">
    <p class='ocr_par' dir='ltr' id='par_1_1' title="bbox 372 550 1278 631">
     <span class='ocr_line' id='line_1_1' title="bbox 372 550 1278 631; baseline 0.004 -11"><span class='ocrx_word' id='word_1_1' title='bbox 372 550 445 622; x_wconf 79' lang='lat'><strong>120</strong></span> <span class='ocrx_word' id='word_1_2' title='bbox 809 573 1124 631; x_wconf 72' lang='lat' dir='ltr'><strong>snnrrmtsnrvu</strong></span> <span class='ocrx_word' id='word_1_3' title='bbox 1142 573 1228 626; x_wconf 86' lang='lat' dir='ltr'><strong>vor..</strong></span> <span class='ocrx_word' id='word_1_4' title='bbox 1248 573 1278 624; x_wconf 91' lang='lat'><strong>11</strong></span> 
     </span>
    </p>
   </div>
   <div class='ocr_carea' id='block_1_2' title="bbox 221 741 1748 5314">
    <p class='ocr_par' dir='ltr' id='par_1_2' title="bbox 363 741 1748 2151">
     <span class='ocr_line' id='line_1_2' title="bbox 373 741 1748 826; baseline 0.003 -24"><span class='ocrx_word' id='word_1_5' title='bbox 373 741 510 804; x_wconf 81' lang='lat' dir='ltr'><strong>Caesaris</strong></span> <span class='ocrx_word' id='word_1_6' title='bbox 542 745 747 822; x_wconf 80' lang='lat' dir='ltr'><strong>confirmandis</strong></span> <span class='ocrx_word' id='word_1_7' title='bbox 777 745 846 806; x_wconf 78' lang='lat' dir='ltr'><strong>deus</strong></span> <span class='ocrx_word' id='word_1_8' title='bbox 872 746 1024 822; x_wconf 65' lang='lat' dir='ltr'><strong>dictctrrrc,</strong></span> <span class='ocrx_word' id='word_1_9' title='bbox 1046 749 1077 806; x_wconf 83' lang='lat' dir='ltr'><strong>in</strong></span> <span class='ocrx_word' id='word_1_10' title='bbox 1102 758 1274 826; x_wconf 79' lang='lat' dir='ltr'><strong>perpetuum</strong></span> <span class='ocrx_word' id='word_1_11' title='bbox 1301 747 1429 806; x_wconf 72' lang='lat' dir='ltr'><strong>tollenda</strong></span> <span class='ocrx_word' id='word_1_12' title='bbox 1457 747 1526 806; x_wconf 83' lang='lat' dir='ltr'><strong>dccc</strong></span> <span class='ocrx_word' id='word_1_13' title='bbox 1554 748 1665 806; x_wconf 82' lang='lat' dir='ltr'><strong>colonia</strong></span> <span class='ocrx_word' id='word_1_14' title='bbox 1694 745 1748 806; x_wconf 68' lang='grc' dir='ltr'><strong>ἐπ’</strong></span> 
     </span>
     <span class='ocr_line' id='line_1_3' title="bbox 370 846 1725 926; baseline 0.003 -22"><span class='ocrx_word' id='word_1_15' title='bbox 370 863 457 922; x_wconf 71' lang='lat' dir='ltr'><strong>apros</strong></span> <span class='ocrx_word' id='word_1_16' title='bbox 472 846 657 907; x_wconf 76' lang='lat' dir='ltr'><strong>deducandia</strong></span> <span class='ocrx_word' id='word_1_17' title='bbox 679 847 780 908; x_wconf 81' lang='lat' dir='ltr'><strong>tulisse</strong></span> <span class='ocrx_word' id='word_1_18' title='bbox 802 848 847 906; x_wconf 84' lang='lat' dir='ltr'><strong>M.</strong></span> <span class='ocrx_word' id='word_1_19' title='bbox 871 849 1014 908; x_wconf 80' lang='lat' dir='ltr'><strong>Antonius</strong></span> <span class='ocrx_word' id='word_1_20' title='bbox 1036 850 1154 921; x_wconf 78' lang='lat' dir='ltr'><strong>dicitur,</strong></span> <span class='ocrx_word' id='word_1_21' title='bbox 1176 849 1290 908; x_wconf 77' lang='lat' dir='ltr'><strong>medem</strong></span> <span class='ocrx_word' id='word_1_22' title='bbox 1314 848 1389 926; x_wconf 75' lang='lat' dir='ltr'><strong>lepos</strong></span> <span class='ocrx_word' id='word_1_23' title='bbox 1412 850 1447 908; x_wconf 80' lang='lat' dir='ltr'><strong>ds</strong></span> <span class='ocrx_word' id='word_1_24' title='bbox 1469 853 1594 926; x_wconf 77' lang='lat' dir='ltr'><strong>inteprc,</strong></span> <span class='ocrx_word' id='word_1_25' title='bbox 1623 861 1652 908; x_wconf 86' lang='lat' dir='ltr'><strong>ut</strong></span> <span class='ocrx_word' id='word_1_26' title='bbox 1670 867 1725 926; x_wconf 82' lang='lat' dir='ltr'><strong>pc·</strong></span> 
     </span>
     <span class='ocr_line' id='line_1_4' title="bbox 363 947 1726 1028; baseline 0.003 -24"><span class='ocrx_word' id='word_1_27' title='bbox 363 947 470 1023; x_wconf 81' lang='lat' dir='ltr'><strong>pulum</strong></span> <span class='ocrx_word' id='word_1_28' title='bbox 493 957 621 1022; x_wconf 82' lang='lat' dir='ltr'><strong>teneant,</strong></span> <span class='ocrx_word' id='word_1_29' title='bbox 648 949 741 1009; x_wconf 78' lang='lat' dir='ltr'><strong>salvis</strong></span> <span class='ocrx_word' id='word_1_30' title='bbox 764 953 905 1028; x_wconf 79' lang='lat' dir='ltr'><strong>auspiciis</strong></span> <span class='ocrx_word' id='word_1_31' title='bbox 921 953 1001 1026; x_wconf 84' lang='lat' dir='ltr'><strong>ferri</strong></span> <span class='ocrx_word' id='word_1_32' title='bbox 1020 951 1126 1026; x_wconf 83' lang='lat' dir='ltr'><strong>piacet.</strong></span> <span class='ocrx_word' id='word_1_33' title='bbox 1170 949 1250 1011; x_wconf 88' lang='lat' dir='ltr'><strong>Nam</strong></span> <span class='ocrx_word' id='word_1_34' title='bbox 1279 969 1462 1027; x_wconf 85' lang='lat' dir='ltr'><strong>quamquam</strong></span> <span class='ocrx_word' id='word_1_35' title='bbox 1490 951 1528 1010; x_wconf 89' lang='lat' dir='ltr'><strong>de</strong></span> <span class='ocrx_word' id='word_1_36' title='bbox 1555 951 1672 1011; x_wconf 75' lang='lat' dir='ltr'><strong>colonis</strong></span> <span class='ocrx_word' id='word_1_37' title='bbox 1693 952 1726 1009; x_wconf 94' lang='lat' dir='ltr'><strong>in</strong></span> 
     </span>
     <span class='ocr_line' id='line_1_5' title="bbox 367 1033 1726 1133; baseline 0.004 -26"><span class='ocrx_word' id='word_1_38' title='bbox 367 1049 456 1110; x_wconf 85' lang='lat' dir='ltr'><strong>Italia</strong></span> <span class='ocrx_word' id='word_1_39' title='bbox 485 1049 623 1110; x_wconf 87' lang='lat' dir='ltr'><strong>deductis</strong></span> <span class='ocrx_word' id='word_1_40' title='bbox 648 1049 841 1132; x_wconf 82' lang='lat' dir='ltr'><strong>potissimum</strong></span> <span class='ocrx_word' id='word_1_41' title='bbox 861 1051 920 1133; x_wconf 84' lang='lat' dir='ltr'><strong>agi</strong></span> <span class='ocrx_word' id='word_1_42' title='bbox 946 1033 1101 1112; x_wconf 76' lang='lat' dir='ltr'><strong>hocloco</strong></span> <span class='ocrx_word' id='word_1_43' title='bbox 1129 1061 1262 1124; x_wconf 84' lang='lat' dir='ltr'><strong>constat,</strong></span> <span class='ocrx_word' id='word_1_44' title='bbox 1291 1053 1366 1112; x_wconf 88' lang='lat' dir='ltr'><strong>nihil</strong></span> <span class='ocrx_word' id='word_1_45' title='bbox 1390 1053 1533 1131; x_wconf 86' lang='lat' dir='ltr'><strong>impedit,</strong></span> <span class='ocrx_word' id='word_1_46' title='bbox 1561 1054 1726 1130; x_wconf 78' lang='lat' dir='ltr'>quominus</span> 
     </span>
     <span class='ocr_line' id='line_1_6' title="bbox 368 1151 1726 1231; baseline 0.005 -22"><span class='ocrx_word' id='word_1_47' title='bbox 368 1151 458 1210; x_wconf 86' lang='lat' dir='ltr'><strong>etiarn</strong></span> <span class='ocrx_word' id='word_1_48' title='bbox 486 1151 692 1228; x_wconf 74' lang='lat' dir='ltr'><strong>provinciales</strong></span> <span class='ocrx_word' id='word_1_49' title='bbox 718 1153 854 1213; x_wconf 83' lang='lat' dir='ltr'><strong>coloniae</strong></span> <span class='ocrx_word' id='word_1_50' title='bbox 880 1155 1029 1231; x_wconf 86' lang='lat' dir='ltr'><strong>quaedam</strong></span> <span class='ocrx_word' id='word_1_51' title='bbox 1053 1155 1207 1214; x_wconf 81' lang='lat' dir='ltr'><strong>Antonius</strong></span> <span class='ocrx_word' id='word_1_52' title='bbox 1235 1155 1325 1214; x_wconf 86' lang='lat' dir='ltr'><strong>simui</strong></span> <span class='ocrx_word' id='word_1_53' title='bbox 1349 1155 1545 1216; x_wconf 76' lang='lat' dir='ltr'><strong>confirmarit.</strong></span> <span class='ocrx_word' id='word_1_54' title='bbox 1590 1152 1726 1219; x_wconf 83' lang='lat' dir='ltr'><strong>Senatus</strong></span> 
     </span>
     <span class='ocr_line' id='line_1_7' title="bbox 366 1253 1724 1333; baseline 0.003 -21"><span class='ocrx_word' id='word_1_55' title='bbox 366 1255 541 1314; x_wconf 80' lang='lat' dir='ltr'><strong>consultum</strong></span> <span class='ocrx_word' id='word_1_56' title='bbox 566 1253 710 1332; x_wconf 86' lang='lat' dir='ltr'><strong>plebique</strong></span> <span class='ocrx_word' id='word_1_57' title='bbox 731 1257 837 1314; x_wconf 87' lang='lat' dir='ltr'><strong>scitum</strong></span> <span class='ocrx_word' id='word_1_58' title='bbox 861 1273 941 1333; x_wconf 87' lang='lat' dir='ltr'><strong>quae</strong></span> <span class='ocrx_word' id='word_1_59' title='bbox 962 1255 1073 1317; x_wconf 86' lang='lat' dir='ltr'><strong>deinde</strong></span> <span class='ocrx_word' id='word_1_60' title='bbox 1094 1266 1371 1321; x_wconf 77' lang='lat' dir='ltr'><strong>commemorantur</strong></span> <span class='ocrx_word' id='word_1_61' title='bbox 1391 1257 1432 1317; x_wconf 88' lang='lat' dir='ltr'><strong>ad</strong></span> <span class='ocrx_word' id='word_1_62' title='bbox 1453 1254 1551 1317; x_wconf 84' lang='lat' dir='ltr'><strong>sciam</strong></span> <span class='ocrx_word' id='word_1_63' title='bbox 1574 1257 1724 1318; x_wconf 85' lang='lat' dir='ltr'><strong>coloniam</strong></span> 
     </span>
     <span class='ocr_line' id='line_1_8' title="bbox 369 1353 1726 1436; baseline 0.002 -21"><span class='ocrx_word' id='word_1_64' title='bbox 369 1353 552 1416; x_wconf 83' lang='lat' dir='ltr'><strong>Genetiram</strong></span> <span class='ocrx_word' id='word_1_65' title='bbox 577 1357 720 1418; x_wconf 82' lang='lat' dir='ltr'><strong>videntur</strong></span> <span class='ocrx_word' id='word_1_66' title='bbox 746 1357 931 1434; x_wconf 75' lang='lat' dir='ltr'>pertinuisse</span> <span class='ocrx_word' id='word_1_67' title='bbox 957 1357 1084 1436; x_wconf 84' lang='lat' dir='ltr'><strong>eiusque</strong></span> <span class='ocrx_word' id='word_1_68' title='bbox 1111 1358 1306 1419; x_wconf 86' lang='lat' dir='ltr'><strong>deducendae</strong></span> <span class='ocrx_word' id='word_1_69' title='bbox 1335 1359 1420 1436; x_wconf 82' lang='lat' dir='ltr'><strong>leges</strong></span> <span class='ocrx_word' id='word_1_70' title='bbox 1447 1359 1619 1421; x_wconf 85' lang='lat' dir='ltr'><strong>accuratius</strong></span> <span class='ocrx_word' id='word_1_71' title='bbox 1645 1357 1726 1419; x_wconf 88' lang='lat' dir='ltr'><strong>crdi-</strong></span> 
     </span>
     <span class='ocr_line' id='line_1_9' title="bbox 367 1458 1727 1541; baseline 0.004 -26"><span class='ocrx_word' id='word_1_72' title='bbox 367 1459 502 1524; x_wconf 83' lang='lat' dir='ltr'><strong>navisse.</strong></span> <span class='ocrx_word' id='word_1_73' title='bbox 524 1461 576 1504; x_wconf 76' lang='lat'><strong>·-&#39;</strong></span> <span class='ocrx_word' id='word_1_74' title='bbox 591 1458 729 1520; x_wconf 85' lang='lat' dir='ltr'><strong>Deducta</strong></span> <span class='ocrx_word' id='word_1_75' title='bbox 756 1459 848 1537; x_wconf 83' lang='lat' dir='ltr'><strong>igitur</strong></span> <span class='ocrx_word' id='word_1_76' title='bbox 875 1469 922 1520; x_wconf 85' lang='lat' dir='ltr'><strong>est</strong></span> <span class='ocrx_word' id='word_1_77' title='bbox 943 1459 1062 1520; x_wconf 87' lang='lat' dir='ltr'><strong>colonia</strong></span> <span class='ocrx_word' id='word_1_78' title='bbox 1088 1461 1136 1520; x_wconf 83' lang='lat' dir='ltr'><strong>vel</strong></span> <span class='ocrx_word' id='word_1_79' title='bbox 1158 1468 1241 1521; x_wconf 85' lang='lat' dir='ltr'><strong>certe</strong></span> <span class='ocrx_word' id='word_1_80' title='bbox 1262 1461 1313 1520; x_wconf 80' lang='lat' dir='ltr'><strong>lex</strong></span> <span class='ocrx_word' id='word_1_81' title='bbox 1336 1462 1504 1541; x_wconf 86' lang='lat' dir='ltr'><strong>perscripta</strong></span> <span class='ocrx_word' id='word_1_82' title='bbox 1527 1461 1635 1540; x_wconf 83' lang='lat' dir='ltr'><strong>primia</strong></span> <span class='ocrx_word' id='word_1_83' title='bbox 1658 1471 1727 1539; x_wconf 87' lang='lat' dir='ltr'><strong>post</strong></span> 
     </span>
     <span class='ocr_line' id='line_1_10' title="bbox 367 1557 1724 1642; baseline 0.004 -24"><span class='ocrx_word' id='word_1_84' title='bbox 367 1557 404 1618; x_wconf 80' lang='grc' dir='ltr'><strong>Ο.</strong></span> <span class='ocrx_word' id='word_1_85' title='bbox 428 1557 573 1622; x_wconf 86' lang='lat' dir='ltr'><strong>Caesaris</strong></span> <span class='ocrx_word' id='word_1_86' title='bbox 595 1561 710 1621; x_wconf 84' lang='lat' dir='ltr'><strong>obitum</strong></span> <span class='ocrx_word' id='word_1_87' title='bbox 736 1560 907 1635; x_wconf 82' lang='lat' dir='ltr'><strong>mensibus3</strong></span> <span class='ocrx_word' id='word_1_88' title='bbox 935 1561 984 1620; x_wconf 87' lang='lat' dir='ltr'><strong>oui</strong></span> <span class='ocrx_word' id='word_1_89' title='bbox 1008 1559 1134 1640; x_wconf 75' lang='lat' dir='ltr'><strong>tempori</strong></span> <span class='ocrx_word' id='word_1_90' title='bbox 1159 1572 1239 1624; x_wconf 87' lang='lat' dir='ltr'><strong>recte</strong></span> <span class='ocrx_word' id='word_1_91' title='bbox 1261 1564 1414 1638; x_wconf 79' lang='lat' dir='ltr'><strong>convenit,</strong></span> <span class='ocrx_word' id='word_1_92' title='bbox 1436 1563 1516 1642; x_wconf 86' lang='lat' dir='ltr'><strong>quod</strong></span> <span class='ocrx_word' id='word_1_93' title='bbox 1540 1564 1568 1624; x_wconf 87' lang='lat' dir='ltr'><strong>is</strong></span> <span class='ocrx_word' id='word_1_94' title='bbox 1591 1563 1724 1626; x_wconf 89' lang='lat' dir='ltr'><strong>nondum</strong></span> 
     </span>
     <span class='ocr_line' id='line_1_11' title="bbox 367 1649 1723 1744; baseline 0.006 -26"><span class='ocrx_word' id='word_1_95' title='bbox 367 1663 453 1722; x_wconf 80' lang='lat' dir='ltr'><strong>diuus</strong></span> <span class='ocrx_word' id='word_1_96' title='bbox 474 1663 592 1732; x_wconf 88' lang='lat' dir='ltr'><strong>dicitur.</strong></span> <span class='ocrx_word' id='word_1_97' title='bbox 637 1661 780 1726; x_wconf 83' lang='lat' dir='ltr'><strong>Ceterum</strong></span> <span class='ocrx_word' id='word_1_98' title='bbox 803 1673 875 1724; x_wconf 88' lang='lat' dir='ltr'><strong>sunt</strong></span> <span class='ocrx_word' id='word_1_99' title='bbox 895 1649 1044 1742; x_wconf 78' lang='lat' dir='ltr'><strong>quaedam</strong></span> <span class='ocrx_word' id='word_1_100' title='bbox 1066 1665 1096 1724; x_wconf 92' lang='lat' dir='ltr'><strong>in</strong></span> <span class='ocrx_word' id='word_1_101' title='bbox 1122 1665 1179 1725; x_wconf 90' lang='lat' dir='ltr'><strong>hac</strong></span> <span class='ocrx_word' id='word_1_102' title='bbox 1200 1665 1267 1742; x_wconf 77' lang='lat' dir='ltr'><strong>lege</strong></span> <span class='ocrx_word' id='word_1_103' title='bbox 1289 1661 1417 1726; x_wconf 76' lang='lat' dir='ltr'><strong>Caesari</strong></span> <span class='ocrx_word' id='word_1_104' title='bbox 1440 1667 1512 1726; x_wconf 78' lang='lat' dir='ltr'><strong>viro</strong></span> <span class='ocrx_word' id='word_1_105' title='bbox 1535 1665 1723 1744; x_wconf 79' lang='lat' dir='ltr'><strong>aliquantum</strong></span> 
     </span>
     <span class='ocr_line' id='line_1_12' title="bbox 367 1764 1726 1846; baseline 0.004 -25"><span class='ocrx_word' id='word_1_106' title='bbox 367 1764 484 1840; x_wconf 85' lang='lat' dir='ltr'><strong>aptiora</strong></span> <span class='ocrx_word' id='word_1_107' title='bbox 513 1783 604 1842; x_wconf 86' lang='lat' dir='ltr'><strong>qaam</strong></span> <span class='ocrx_word' id='word_1_108' title='bbox 634 1775 768 1837; x_wconf 68' lang='lat' dir='ltr'><strong>mortum</strong></span> <span class='ocrx_word' id='word_1_109' title='bbox 796 1767 931 1826; x_wconf 85' lang='lat' dir='ltr'><strong>maxime</strong></span> <span class='ocrx_word' id='word_1_110' title='bbox 956 1765 1036 1842; x_wconf 85' lang='lat' dir='ltr'><strong>quod</strong></span> <span class='ocrx_word' id='word_1_111' title='bbox 1065 1767 1095 1825; x_wconf 92' lang='lat' dir='ltr'><strong>in</strong></span> <span class='ocrx_word' id='word_1_112' title='bbox 1124 1767 1225 1846; x_wconf 90' lang='lat' dir='ltr'><strong>capite</strong></span> <span class='ocrx_word' id='word_1_113' title='bbox 1252 1767 1289 1827; x_wconf 87' lang='lat' dir='ltr'><strong>de</strong></span> <span class='ocrx_word' id='word_1_114' title='bbox 1311 1767 1394 1828; x_wconf 90' lang='lat' dir='ltr'><strong>ludis</strong></span> <span class='ocrx_word' id='word_1_115' title='bbox 1415 1768 1443 1827; x_wconf 88' lang='lat' dir='ltr'><strong>ei</strong></span> <span class='ocrx_word' id='word_1_116' title='bbox 1465 1765 1516 1845; x_wconf 87' lang='lat' dir='ltr'><strong>qui</strong></span> <span class='ocrx_word' id='word_1_117' title='bbox 1538 1769 1624 1828; x_wconf 88' lang='lat' dir='ltr'><strong>iussn</strong></span> <span class='ocrx_word' id='word_1_118' title='bbox 1648 1765 1726 1829; x_wconf 83' lang='lat' dir='ltr'><strong>Oee-</strong></span> 
     </span>
     <span class='ocr_line' id='line_1_13' title="bbox 367 1865 1725 1948; baseline 0.003 -24"><span class='ocrx_word' id='word_1_119' title='bbox 367 1865 446 1924; x_wconf 87' lang='lat' dir='ltr'><strong>saris</strong></span> <span class='ocrx_word' id='word_1_120' title='bbox 475 1867 684 1944; x_wconf 81' lang='lat' dir='ltr'><strong>magistratum</strong></span> <span class='ocrx_word' id='word_1_121' title='bbox 712 1867 836 1926; x_wconf 88' lang='lat' dir='ltr'><strong>habebit</strong></span> <span class='ocrx_word' id='word_1_122' title='bbox 856 1867 942 1926; x_wconf 85' lang='lat' dir='ltr'><strong>iocus</strong></span> <span class='ocrx_word' id='word_1_123' title='bbox 966 1869 1121 1942; x_wconf 74' lang='lat' dir='ltr'><strong>tribuitur,</strong></span> <span class='ocrx_word' id='word_1_124' title='bbox 1148 1879 1369 1946; x_wconf 83' lang='lat' dir='ltr'><strong>postmortem</strong></span> <span class='ocrx_word' id='word_1_125' title='bbox 1391 1869 1458 1930; x_wconf 87' lang='lat' dir='ltr'><strong>eius</strong></span> <span class='ocrx_word' id='word_1_126' title='bbox 1483 1871 1536 1928; x_wconf 83' lang='lat' dir='ltr'><strong>vix</strong></span> <span class='ocrx_word' id='word_1_127' title='bbox 1558 1871 1651 1930; x_wconf 87' lang='lat' dir='ltr'><strong>scribi</strong></span> <span class='ocrx_word' id='word_1_128' title='bbox 1673 1887 1725 1948; x_wconf 90' lang='lat' dir='ltr'><strong>po·</strong></span> 
     </span>
     <span class='ocr_line' id='line_1_14' title="bbox 367 1967 1727 2050; baseline 0.004 -24"><span class='ocrx_word' id='word_1_129' title='bbox 367 1969 434 2027; x_wconf 82' lang='lat' dir='ltr'><strong>tuit</strong></span> <span class='ocrx_word' id='word_1_130' title='bbox 478 1967 606 2028; x_wconf 87' lang='lat' dir='ltr'><strong>Videtur</strong></span> <span class='ocrx_word' id='word_1_131' title='bbox 632 1969 725 2048; x_wconf 80' lang='lat' dir='ltr'><strong>igitur</strong></span> <span class='ocrx_word' id='word_1_132' title='bbox 753 1970 830 2028; x_wconf 86' lang='lat' dir='ltr'><strong>haec</strong></span> <span class='ocrx_word' id='word_1_133' title='bbox 856 1969 909 2028; x_wconf 81' lang='lat' dir='ltr'><strong>lex</strong></span> <span class='ocrx_word' id='word_1_134' title='bbox 936 1989 1007 2030; x_wconf 81' lang='lat' dir='ltr'><strong>rere</strong></span> <span class='ocrx_word' id='word_1_135' title='bbox 1036 1971 1192 2030; x_wconf 84' lang='lat' dir='ltr'><strong>dictatoris</strong></span> <span class='ocrx_word' id='word_1_136' title='bbox 1221 1971 1307 2038; x_wconf 88' lang='lat' dir='ltr'><strong>iussa</strong></span> <span class='ocrx_word' id='word_1_137' title='bbox 1334 1971 1447 2050; x_wconf 88' lang='lat' dir='ltr'><strong>scripta</strong></span> <span class='ocrx_word' id='word_1_138' title='bbox 1476 1989 1546 2032; x_wconf 88' lang='lat' dir='ltr'><strong>ease</strong></span> <span class='ocrx_word' id='word_1_139' title='bbox 1571 1991 1628 2032; x_wconf 92' lang='lat' dir='ltr'><strong>nec</strong></span> <span class='ocrx_word' id='word_1_140' title='bbox 1658 1981 1727 2048; x_wconf 86' lang='lat' dir='ltr'><strong>post</strong></span> 
     </span>
     <span class='ocr_line' id='line_1_15' title="bbox 367 2065 1258 2151; baseline 0.004 -23"><span class='ocrx_word' id='word_1_141' title='bbox 367 2079 494 2130; x_wconf 88' lang='lat' dir='ltr'><strong>mortem</strong></span> <span class='ocrx_word' id='word_1_142' title='bbox 517 2071 583 2130; x_wconf 88' lang='lat' dir='ltr'><strong>eius</strong></span> <span class='ocrx_word' id='word_1_143' title='bbox 605 2071 666 2130; x_wconf 90' lang='lat' dir='ltr'><strong>nisi</strong></span> <span class='ocrx_word' id='word_1_144' title='bbox 689 2065 902 2150; x_wconf 83' lang='lat' dir='ltr'><strong>supplementa</strong></span> <span class='ocrx_word' id='word_1_145' title='bbox 922 2071 1070 2148; x_wconf 88' lang='lat' dir='ltr'><strong>quaedam</strong></span> <span class='ocrx_word' id='word_1_146' title='bbox 1093 2074 1258 2151; x_wconf 74' lang='lat' dir='ltr'><strong>recepisse.</strong></span> 
     </span>
    </p>

    <p class='ocr_par' dir='ltr' id='par_1_3' title="bbox 221 2171 1726 2256">
     <span class='ocr_line' id='line_1_16' title="bbox 221 2171 1726 2256; baseline 0.004 -26"><span class='ocrx_word' id='word_1_147' title='bbox 221 2179 359 2230; x_wconf 75' lang='lat' dir='ltr'><strong>Lexlulia</strong></span> <span class='ocrx_word' id='word_1_148' title='bbox 452 2171 544 2247; x_wconf 84' lang='lat' dir='ltr'><strong>Quod</strong></span> <span class='ocrx_word' id='word_1_149' title='bbox 570 2171 715 2232; x_wconf 88' lang='lat' dir='ltr'><strong>scribitur</strong></span> <span class='ocrx_word' id='word_1_150' title='bbox 742 2173 838 2244; x_wconf 86' lang='grc'><strong>3,16</strong></span> <span class='ocrx_word' id='word_1_151' title='bbox 865 2191 957 2250; x_wconf 78' lang='lat' dir='ltr'><strong>agros</strong></span> <span class='ocrx_word' id='word_1_152' title='bbox 983 2193 1037 2234; x_wconf 90' lang='lat' dir='ltr'><strong>eos</strong></span> <span class='ocrx_word' id='word_1_153' title='bbox 1066 2175 1105 2234; x_wconf 90' lang='lat' dir='ltr'><strong>de</strong></span> <span class='ocrx_word' id='word_1_154' title='bbox 1132 2175 1243 2252; x_wconf 89' lang='lat' dir='ltr'><strong>quibus</strong></span> <span class='ocrx_word' id='word_1_155' title='bbox 1273 2176 1330 2236; x_wconf 89' lang='lat' dir='ltr'><strong>hac</strong></span> <span class='ocrx_word' id='word_1_156' title='bbox 1355 2177 1423 2256; x_wconf 78' lang='lat' dir='ltr'><strong>lege</strong></span> <span class='ocrx_word' id='word_1_157' title='bbox 1449 2177 1550 2254; x_wconf 65' lang='lat' dir='ltr'><strong>affl&#39;tur</strong></span> <span class='ocrx_word' id='word_1_158' title='bbox 1576 2173 1644 2236; x_wconf 89' lang='lat' dir='ltr'><strong>dari</strong></span> <span class='ocrx_word' id='word_1_159' title='bbox 1672 2175 1726 2236; x_wconf 88' lang='lat' dir='ltr'><strong>ad·</strong></span> 
     </span>
    </p>

    <p class='ocr_par' dir='ltr' id='par_1_4' title="bbox 238 2254 1728 3779">
     <span class='ocr_line' id='line_1_17' title="bbox 238 2254 1726 2354; baseline 0.001 -21"><span class='ocrx_word' id='word_1_160' title='bbox 238 2254 344 2318; x_wconf 52' lang='grc' dir='ltr'><strong>ΨΜ</strong></span> <span class='ocrx_word' id='word_1_161' title='bbox 370 2274 485 2352; x_wconf 81' lang='lat' dir='ltr'><strong>signari</strong></span> <span class='ocrx_word' id='word_1_162' title='bbox 513 2293 548 2334; x_wconf 80' lang='lat' dir='ltr'><strong>ee</strong></span> <span class='ocrx_word' id='word_1_163' title='bbox 569 2274 630 2352; x_wconf 68' lang='lat' dir='ltr'><strong>laps</strong></span> <span class='ocrx_word' id='word_1_164' title='bbox 651 2273 746 2346; x_wconf 80' lang='lat' dir='ltr'><strong>Iulio,</strong></span> <span class='ocrx_word' id='word_1_165' title='bbox 759 2335 760 2338; x_wconf 68' lang='grc'>,</span> <span class='ocrx_word' id='word_1_166' title='bbox 773 2293 811 2334; x_wconf 88' lang='lat' dir='ltr'><strong>ec</strong></span> <span class='ocrx_word' id='word_1_167' title='bbox 839 2275 1031 2353; x_wconf 83' lang='lat' dir='ltr'><strong>significatur</strong></span> <span class='ocrx_word' id='word_1_168' title='bbox 1053 2295 1113 2336; x_wconf 89' lang='lat' dir='ltr'><strong>non</strong></span> <span class='ocrx_word' id='word_1_169' title='bbox 1135 2276 1187 2336; x_wconf 83' lang='lat' dir='ltr'><strong>lex</strong></span> <span class='ocrx_word' id='word_1_170' title='bbox 1208 2277 1266 2354; x_wconf 90' lang='lat' dir='ltr'><strong>ipsi</strong></span> <span class='ocrx_word' id='word_1_171' title='bbox 1290 2277 1430 2339; x_wconf 84' lang='lat' dir='ltr'><strong>coloniae</strong></span> <span class='ocrx_word' id='word_1_172' title='bbox 1453 2276 1621 2339; x_wconf 82' lang='lat' dir='ltr'><strong>Genetirae</strong></span> <span class='ocrx_word' id='word_1_173' title='bbox 1644 2277 1726 2351; x_wconf 87' lang='lat' dir='ltr'><strong>data,</strong></span> 
     </span>
     <span class='ocr_line' id='line_1_18' title="bbox 369 2373 1727 2458; baseline 0.004 -24"><span class='ocrx_word' id='word_1_174' title='bbox 369 2376 424 2434; x_wconf 90' lang='lat' dir='ltr'><strong>sed</strong></span> <span class='ocrx_word' id='word_1_175' title='bbox 446 2377 597 2455; x_wconf 79' lang='lat' dir='ltr'><strong>generalis</strong></span> <span class='ocrx_word' id='word_1_176' title='bbox 620 2379 757 2454; x_wconf 62' lang='lat' dir='ltr'><strong>auraria,</strong></span> <span class='ocrx_word' id='word_1_177' title='bbox 777 2395 864 2454; x_wconf 80' lang='lat' dir='ltr'><strong>quum</strong></span> <span class='ocrx_word' id='word_1_178' title='bbox 888 2373 920 2438; x_wconf 83' lang='lat' dir='ltr'><strong>C.</strong></span> <span class='ocrx_word' id='word_1_179' title='bbox 945 2377 1057 2438; x_wconf 84' lang='lat' dir='ltr'><strong>Caesar</strong></span> <span class='ocrx_word' id='word_1_180' title='bbox 1077 2379 1144 2439; x_wconf 84' lang='lat' dir='ltr'><strong>tulit</strong></span> <span class='ocrx_word' id='word_1_181' title='bbox 1165 2379 1276 2454; x_wconf 83' lang='lat' dir='ltr'><strong>(verba</strong></span> <span class='ocrx_word' id='word_1_182' title='bbox 1296 2391 1370 2440; x_wconf 89' lang='lat' dir='ltr'><strong>sant</strong></span> <span class='ocrx_word' id='word_1_183' title='bbox 1390 2379 1561 2441; x_wconf 84' lang='lat' dir='ltr'><strong>Callistreti</strong></span> <span class='ocrx_word' id='word_1_184' title='bbox 1584 2381 1659 2458; x_wconf 77' lang='lat' dir='ltr'><strong>Dig.</strong></span> <span class='ocrx_word' id='word_1_185' title='bbox 1673 2379 1727 2452; x_wconf 74' lang='grc'><strong>47,</strong></span> 
     </span>
     <span class='ocr_line' id='line_1_19' title="bbox 369 2477 1726 2562; baseline 0.005 -27"><span class='ocrx_word' id='word_1_186' title='bbox 369 2477 419 2551; x_wconf 78' lang='lat'><strong>21,</strong></span> <span class='ocrx_word' id='word_1_187' title='bbox 436 2481 454 2538; x_wconf 84' lang='grc'>3</span> <span class='ocrx_word' id='word_1_188' title='bbox 470 2479 542 2556; x_wconf 77' lang='lat' dir='ltr'><strong>pn).</strong></span> <span class='ocrx_word' id='word_1_189' title='bbox 577 2477 677 2554; x_wconf 86' lang='lat' dir='ltr'><strong>Quam</strong></span> <span class='ocrx_word' id='word_1_190' title='bbox 699 2497 769 2538; x_wconf 87' lang='lat' dir='ltr'><strong>oum</strong></span> <span class='ocrx_word' id='word_1_191' title='bbox 788 2479 901 2538; x_wconf 88' lang='lat' dir='ltr'><strong>dudum</strong></span> <span class='ocrx_word' id='word_1_192' title='bbox 922 2480 1232 2541; x_wconf 80' lang='lat' dir='ltr'><strong>demonstraverimus</strong></span> <span class='ocrx_word' id='word_1_193' title='bbox 1247 2481 1426 2542; x_wconf 84' lang='lat' dir='ltr'><strong>Rudorffiua</strong></span> <span class='ocrx_word' id='word_1_194' title='bbox 1441 2500 1559 2562; x_wconf 81' lang='lat' dir='ltr'><strong>egoque</strong></span> <span class='ocrx_word' id='word_1_195' title='bbox 1581 2481 1726 2561; x_wconf 59' lang='lat' dir='ltr'><strong>(montet.</strong></span> 
     </span>
     <span class='ocr_line' id='line_1_20' title="bbox 369 2563 1726 2659; baseline 0.004 -21"><span class='ocrx_word' id='word_1_196' title='bbox 369 2579 402 2650; x_wconf 54' lang='grc' dir='ltr'><strong>ἢ,</strong></span> <span class='ocrx_word' id='word_1_197' title='bbox 425 2579 498 2640; x_wconf 76' lang='lat'><strong>323.</strong></span> <span class='ocrx_word' id='word_1_198' title='bbox 521 2579 600 2652; x_wconf 32' lang='lat'>*2445</span> <span class='ocrx_word' id='word_1_199' title='bbox 622 2577 670 2640; x_wconf 75' lang='lat' dir='ltr'><strong>&#39;ci</strong></span> <span class='ocrx_word' id='word_1_200' title='bbox 697 2581 879 2658; x_wconf 85' lang='lat' dir='ltr'><strong>Marquardt</strong></span> <span class='ocrx_word' id='word_1_201' title='bbox 904 2580 1184 2659; x_wconf 73' lang='lat' dir='ltr'><strong>Stuutaoerwultuny</strong></span> <span class='ocrx_word' id='word_1_202' title='bbox 1214 2563 1245 2657; x_wconf 49' lang='lat'><strong>1⁴,</strong></span> <span class='ocrx_word' id='word_1_203' title='bbox 1269 2584 1350 2658; x_wconf 76' lang='lat'>447)</span> <span class='ocrx_word' id='word_1_204' title='bbox 1378 2603 1438 2644; x_wconf 89' lang='lat' dir='ltr'><strong>non</strong></span> <span class='ocrx_word' id='word_1_205' title='bbox 1466 2583 1587 2644; x_wconf 86' lang='lat' dir='ltr'><strong>differre</strong></span> <span class='ocrx_word' id='word_1_206' title='bbox 1615 2583 1653 2645; x_wconf 87' lang='lat' dir='ltr'><strong>ab</strong></span> <span class='ocrx_word' id='word_1_207' title='bbox 1680 2603 1726 2658; x_wconf 86' lang='lat' dir='ltr'><strong>ea,</strong></span> 
     </span>
     <span class='ocr_line' id='line_1_21' title="bbox 368 2683 1727 2762; baseline 0.004 -22"><span class='ocrx_word' id='word_1_208' title='bbox 368 2683 456 2742; x_wconf 85' lang='lat' dir='ltr'><strong>cuiue</strong></span> <span class='ocrx_word' id='word_1_209' title='bbox 477 2683 582 2760; x_wconf 88' lang='lat' dir='ltr'><strong>capita·</strong></span> <span class='ocrx_word' id='word_1_210' title='bbox 598 2683 658 2742; x_wconf 90' lang='lat' dir='ltr'><strong>tria</strong></span> <span class='ocrx_word' id='word_1_211' title='bbox 679 2693 832 2760; x_wconf 83' lang='lat' dir='ltr'><strong>tamquam</strong></span> <span class='ocrx_word' id='word_1_212' title='bbox 851 2684 929 2762; x_wconf 77' lang='lat' dir='ltr'><strong>legis</strong></span> <span class='ocrx_word' id='word_1_213' title='bbox 944 2684 1100 2744; x_wconf 81' lang='lat' dir='ltr'><strong>Mamilius</strong></span> <span class='ocrx_word' id='word_1_214' title='bbox 1115 2685 1246 2745; x_wconf 77' lang='lat' dir='ltr'><strong>Rosciae</strong></span> <span class='ocrx_word' id='word_1_215' title='bbox 1262 2683 1441 2746; x_wconf 75' lang='lat' dir='ltr'><strong>Peducaeus</strong></span> <span class='ocrx_word' id='word_1_216' title='bbox 1456 2687 1596 2746; x_wconf 86' lang='lat' dir='ltr'><strong>Aliienae</strong></span> <span class='ocrx_word' id='word_1_217' title='bbox 1611 2683 1727 2746; x_wconf 84' lang='lat' dir='ltr'><strong>Fabiae</strong></span> 
     </span>
     <span class='ocr_line' id='line_1_22' title="bbox 369 2785 1726 2869; baseline 0.004 -27"><span class='ocrx_word' id='word_1_218' title='bbox 369 2801 480 2860; x_wconf 88' lang='lat' dir='ltr'><strong>corpus</strong></span> <span class='ocrx_word' id='word_1_219' title='bbox 507 2785 739 2862; x_wconf 80' lang='lat' dir='ltr'><strong>gromaticorurn</strong></span> <span class='ocrx_word' id='word_1_220' title='bbox 768 2803 797 2862; x_wconf 90' lang='lat' dir='ltr'><strong>p.</strong></span> <span class='ocrx_word' id='word_1_221' title='bbox 815 2785 931 2862; x_wconf 74' lang='lat' dir='ltr'><strong>263sq.</strong></span> <span class='ocrx_word' id='word_1_222' title='bbox 960 2789 1108 2858; x_wconf 83' lang='lat' dir='ltr'><strong>servavit,</strong></span> <span class='ocrx_word' id='word_1_223' title='bbox 1136 2789 1194 2846; x_wconf 87' lang='lat' dir='ltr'><strong>iam</strong></span> <span class='ocrx_word' id='word_1_224' title='bbox 1222 2807 1256 2847; x_wconf 91' lang='lat' dir='ltr'><strong>ea</strong></span> <span class='ocrx_word' id='word_1_225' title='bbox 1280 2791 1451 2848; x_wconf 87' lang='lat' dir='ltr'><strong>coniectura</strong></span> <span class='ocrx_word' id='word_1_226' title='bbox 1475 2790 1596 2869; x_wconf 75' lang='lat' dir='ltr'><strong>egregie</strong></span> <span class='ocrx_word' id='word_1_227' title='bbox 1618 2789 1726 2849; x_wconf 83' lang='lat' dir='ltr'><strong>contir-</strong></span> 
     </span>
     <span class='ocr_line' id='line_1_23' title="bbox 370 2885 1726 2970; baseline 0.004 -26"><span class='ocrx_word' id='word_1_228' title='bbox 370 2897 482 2959; x_wconf 80' lang='lat' dir='ltr'><strong>matur3</strong></span> <span class='ocrx_word' id='word_1_229' title='bbox 511 2905 581 2946; x_wconf 92' lang='lat' dir='ltr'><strong>nam</strong></span> <span class='ocrx_word' id='word_1_230' title='bbox 608 2885 691 2964; x_wconf 87' lang='lat' dir='ltr'><strong>quod</strong></span> <span class='ocrx_word' id='word_1_231' title='bbox 718 2895 810 2963; x_wconf 85' lang='lat' dir='ltr'><strong>caput</strong></span> <span class='ocrx_word' id='word_1_232' title='bbox 830 2897 878 2946; x_wconf 87' lang='lat' dir='ltr'><strong>est</strong></span> <span class='ocrx_word' id='word_1_233' title='bbox 899 2890 977 2966; x_wconf 81' lang='lat' dir='ltr'><strong>legia</strong></span> <span class='ocrx_word' id='word_1_234' title='bbox 1000 2889 1155 2948; x_wconf 82' lang='lat' dir='ltr'><strong>Mamilius</strong></span> <span class='ocrx_word' id='word_1_235' title='bbox 1175 2889 1287 2962; x_wconf 87' lang='lat' dir='ltr'>L1111‚</span> <span class='ocrx_word' id='word_1_236' title='bbox 1314 2893 1345 2950; x_wconf 90' lang='lat' dir='ltr'><strong>in</strong></span> <span class='ocrx_word' id='word_1_237' title='bbox 1374 2891 1442 2970; x_wconf 81' lang='lat' dir='ltr'><strong>lege</strong></span> <span class='ocrx_word' id='word_1_238' title='bbox 1464 2891 1602 2952; x_wconf 81' lang='lat' dir='ltr'><strong>coioniae</strong></span> <span class='ocrx_word' id='word_1_239' title='bbox 1625 2891 1726 2952; x_wconf 85' lang='lat' dir='ltr'><strong>Gens·</strong></span> 
     </span>
     <span class='ocr_line' id='line_1_24' title="bbox 368 2986 1724 3071; baseline 0.004 -25"><span class='ocrx_word' id='word_1_240' title='bbox 368 2988 497 3052; x_wconf 72' lang='lat' dir='ltr'><strong>tivac&#39;e.</strong></span> <span class='ocrx_word' id='word_1_241' title='bbox 514 2986 607 3048; x_wconf 80' lang='lat'><em>01111</em></span> <span class='ocrx_word' id='word_1_242' title='bbox 630 2989 674 3047; x_wconf 88' lang='lat' dir='ltr'><strong>ita</strong></span> <span class='ocrx_word' id='word_1_243' title='bbox 695 2989 788 3062; x_wconf 90' lang='lat' dir='ltr'><strong>redit,</strong></span> <span class='ocrx_word' id='word_1_244' title='bbox 816 2999 850 3048; x_wconf 92' lang='lat' dir='ltr'><strong>ut</strong></span> <span class='ocrx_word' id='word_1_245' title='bbox 872 2990 923 3050; x_wconf 87' lang='lat' dir='ltr'><strong>ubi</strong></span> <span class='ocrx_word' id='word_1_246' title='bbox 945 2991 1000 3049; x_wconf 87' lang='lat' dir='ltr'><strong>iiia</strong></span> <span class='ocrx_word' id='word_1_247' title='bbox 1020 2991 1058 3054; x_wconf 90' lang='lat' dir='ltr'><strong>de</strong></span> <span class='ocrx_word' id='word_1_248' title='bbox 1080 3011 1155 3070; x_wconf 79' lang='lat' dir='ltr'><strong>agro</strong></span> <span class='ocrx_word' id='word_1_249' title='bbox 1178 2993 1208 3052; x_wconf 90' lang='lat' dir='ltr'><strong>in</strong></span> <span class='ocrx_word' id='word_1_250' title='bbox 1232 2993 1408 3052; x_wconf 83' lang='lat' dir='ltr'><strong>universum</strong></span> <span class='ocrx_word' id='word_1_251' title='bbox 1432 2993 1576 3071; x_wconf 84' lang='lat' dir='ltr'><strong>disponit,</strong></span> <span class='ocrx_word' id='word_1_252' title='bbox 1600 2993 1674 3053; x_wconf 84' lang='lat' dir='ltr'><strong>baec</strong></span> <span class='ocrx_word' id='word_1_253' title='bbox 1697 2993 1724 3052; x_wconf 90' lang='lat' dir='ltr'><strong>id</strong></span> 
     </span>
     <span class='ocr_line' id='line_1_25' title="bbox 368 3089 1727 3170; baseline 0.004 -22"><span class='ocrx_word' id='word_1_254' title='bbox 368 3091 469 3168; x_wconf 87' lang='lat' dir='ltr'><strong>ipsum</strong></span> <span class='ocrx_word' id='word_1_255' title='bbox 496 3091 534 3149; x_wconf 88' lang='lat' dir='ltr'><strong>de</strong></span> <span class='ocrx_word' id='word_1_256' title='bbox 561 3091 626 3150; x_wconf 89' lang='lat' dir='ltr'><strong>solo</strong></span> <span class='ocrx_word' id='word_1_257' title='bbox 655 3089 806 3151; x_wconf 83' lang='lat' dir='ltr'><strong>Genetiva</strong></span> <span class='ocrx_word' id='word_1_258' title='bbox 831 3093 940 3151; x_wconf 87' lang='lat' dir='ltr'><strong>iisdem</strong></span> <span class='ocrx_word' id='word_1_259' title='bbox 969 3095 1069 3152; x_wconf 86' lang='lat' dir='ltr'><strong>verbis</strong></span> <span class='ocrx_word' id='word_1_260' title='bbox 1100 3102 1224 3170; x_wconf 85' lang='lat' dir='ltr'><strong>repetat.</strong></span> <span class='ocrx_word' id='word_1_261' title='bbox 1268 3095 1376 3170; x_wconf 86' lang='lat' dir='ltr'><strong>Itaque</strong></span> <span class='ocrx_word' id='word_1_262' title='bbox 1405 3113 1470 3154; x_wconf 86' lang='lat' dir='ltr'><strong>oum</strong></span> <span class='ocrx_word' id='word_1_263' title='bbox 1499 3095 1554 3153; x_wconf 87' lang='lat' dir='ltr'><strong>iila</strong></span> <span class='ocrx_word' id='word_1_264' title='bbox 1582 3097 1626 3156; x_wconf 84' lang='lat' dir='ltr'><strong>sic</strong></span> <span class='ocrx_word' id='word_1_265' title='bbox 1653 3095 1727 3154; x_wconf 90' lang='lat' dir='ltr'><strong>inci·</strong></span> 
     </span>
     <span class='ocr_line' id='line_1_26' title="bbox 368 3183 1728 3283; baseline 0.004 -31"><span class='ocrx_word' id='word_1_266' title='bbox 368 3183 448 3270; x_wconf 84' lang='lat' dir='ltr'><strong>piat:</strong></span> <span class='ocrx_word' id='word_1_267' title='bbox 471 3211 547 3269; x_wconf 81' lang='lat' dir='ltr'><strong>qaae</strong></span> <span class='ocrx_word' id='word_1_268' title='bbox 569 3193 759 3283; x_wconf 72' lang='lat' dir='ltr'><strong>colonicatas</strong></span> <span class='ocrx_word' id='word_1_269' title='bbox 782 3195 842 3272; x_wconf 71' lang='lat' dir='ltr'><strong>lupe</strong></span> <span class='ocrx_word' id='word_1_270' title='bbox 864 3197 988 3254; x_wconf 79' lang='lat' dir='ltr'><strong>deducto</strong></span> <span class='ocrx_word' id='word_1_271' title='bbox 1010 3196 1122 3272; x_wconf 80' lang='lat' dir='ltr'><strong>quodue</strong></span> <span class='ocrx_word' id='word_1_272' title='bbox 1142 3198 1330 3272; x_wconf 82' lang='lat' dir='ltr'><strong>municipium</strong></span> <span class='ocrx_word' id='word_1_273' title='bbox 1349 3199 1535 3273; x_wconf 79' lang='lat' dir='ltr'><strong>praesertum</strong></span> <span class='ocrx_word' id='word_1_274' title='bbox 1543 3201 1646 3274; x_wconf 82' lang='lat' dir='ltr'><strong>sorum</strong></span> <span class='ocrx_word' id='word_1_275' title='bbox 1662 3215 1728 3257; x_wconf 85' lang='lat' dir='ltr'><strong>con·</strong></span> 
     </span>
     <span class='ocr_line' id='line_1_27' title="bbox 368 3295 1727 3378; baseline 0.004 -26"><span class='ocrx_word' id='word_1_276' title='bbox 368 3295 535 3354; x_wconf 81' lang='lat' dir='ltr'><strong>eiiiabulum</strong></span> <span class='ocrx_word' id='word_1_277' title='bbox 557 3301 739 3355; x_wconf 71' lang='lat' dir='ltr'><strong>emoriturum</strong></span> <span class='ocrx_word' id='word_1_278' title='bbox 761 3299 830 3368; x_wconf 84' lang='lat' dir='ltr'><strong>erit,</strong></span> <span class='ocrx_word' id='word_1_279' title='bbox 859 3295 1041 3358; x_wconf 83' lang='lat' dir='ltr'><strong>Genetivam</strong></span> <span class='ocrx_word' id='word_1_280' title='bbox 1064 3307 1192 3375; x_wconf 85' lang='lat' dir='ltr'><strong>apparet</strong></span> <span class='ocrx_word' id='word_1_281' title='bbox 1214 3317 1303 3358; x_wconf 85' lang='lat' dir='ltr'><strong>unam</strong></span> <span class='ocrx_word' id='word_1_282' title='bbox 1326 3317 1397 3359; x_wconf 87' lang='lat' dir='ltr'><strong>esse</strong></span> <span class='ocrx_word' id='word_1_283' title='bbox 1420 3319 1459 3358; x_wconf 86' lang='lat' dir='ltr'><strong>ex</strong></span> <span class='ocrx_word' id='word_1_284' title='bbox 1483 3300 1573 3359; x_wconf 90' lang='lat' dir='ltr'><strong>rebus</strong></span> <span class='ocrx_word' id='word_1_285' title='bbox 1594 3299 1727 3378; x_wconf 81' lang='lat' dir='ltr'><strong>publicis</strong></span> 
     </span>
     <span class='ocr_line' id='line_1_28' title="bbox 370 3395 1727 3478; baseline 0.004 -23"><span class='ocrx_word' id='word_1_286' title='bbox 370 3397 406 3455; x_wconf 89' lang='lat' dir='ltr'><strong>ad</strong></span> <span class='ocrx_word' id='word_1_287' title='bbox 434 3397 560 3456; x_wconf 83' lang='lat' dir='ltr'><strong>sormam</strong></span> <span class='ocrx_word' id='word_1_288' title='bbox 588 3417 604 3456; x_wconf 87' lang='lat' dir='ltr'><strong>a</strong></span> <span class='ocrx_word' id='word_1_289' title='bbox 629 3395 764 3458; x_wconf 82' lang='lat' dir='ltr'><strong>Caesare</strong></span> <span class='ocrx_word' id='word_1_290' title='bbox 790 3401 978 3477; x_wconf 87' lang='lat' dir='ltr'><strong>propositam</strong></span> <span class='ocrx_word' id='word_1_291' title='bbox 1007 3397 1167 3458; x_wconf 85' lang='lat' dir='ltr'><strong>ordinatis.</strong></span> <span class='ocrx_word' id='word_1_292' title='bbox 1212 3400 1354 3477; x_wconf 86' lang='lat' dir='ltr'><strong>Denique</strong></span> <span class='ocrx_word' id='word_1_293' title='bbox 1382 3419 1439 3478; x_wconf 86' lang='lat' dir='ltr'><strong>que</strong></span> <span class='ocrx_word' id='word_1_294' title='bbox 1469 3400 1507 3460; x_wconf 89' lang='lat' dir='ltr'><strong>de</strong></span> <span class='ocrx_word' id='word_1_295' title='bbox 1527 3421 1561 3460; x_wconf 90' lang='lat' dir='ltr'><strong>ra</strong></span> <span class='ocrx_word' id='word_1_296' title='bbox 1583 3402 1727 3462; x_wconf 88' lang='lat' dir='ltr'><strong>dissensi·</strong></span> 
     </span>
     <span class='ocr_line' id='line_1_29' title="bbox 365 3497 1727 3578; baseline 0.004 -20"><span class='ocrx_word' id='word_1_297' title='bbox 365 3517 438 3558; x_wconf 85' lang='lat' dir='ltr'><strong>mus</strong></span> <span class='ocrx_word' id='word_1_298' title='bbox 454 3497 633 3559; x_wconf 80' lang='lat' dir='ltr'><strong>Rudorfiius</strong></span> <span class='ocrx_word' id='word_1_299' title='bbox 655 3509 687 3560; x_wconf 94' lang='lat' dir='ltr'><strong>et</strong></span> <span class='ocrx_word' id='word_1_300' title='bbox 707 3518 775 3578; x_wconf 80' lang='lat' dir='ltr'><strong>ego,</strong></span> <span class='ocrx_word' id='word_1_301' title='bbox 798 3520 863 3559; x_wconf 89' lang='lat' dir='ltr'><strong>curn</strong></span> <span class='ocrx_word' id='word_1_302' title='bbox 887 3501 940 3560; x_wconf 89' lang='lat' dir='ltr'><strong>iile</strong></span> <span class='ocrx_word' id='word_1_303' title='bbox 955 3501 1052 3578; x_wconf 77' lang='lat' dir='ltr'><strong>legem</strong></span> <span class='ocrx_word' id='word_1_304' title='bbox 1069 3501 1236 3562; x_wconf 86' lang='lat' dir='ltr'><strong>Mamiliam</strong></span> <span class='ocrx_word' id='word_1_305' title='bbox 1255 3504 1399 3562; x_wconf 86' lang='lat' dir='ltr'><strong>tribueret</strong></span> <span class='ocrx_word' id='word_1_306' title='bbox 1414 3502 1453 3564; x_wconf 71' lang='lat' dir='ltr'><strong>G.</strong></span> <span class='ocrx_word' id='word_1_307' title='bbox 1467 3502 1594 3564; x_wconf 85' lang='lat' dir='ltr'><strong>Caesari</strong></span> <span class='ocrx_word' id='word_1_308' title='bbox 1610 3503 1727 3564; x_wconf 84' lang='lat' dir='ltr'><strong>Tiberii</strong></span> 
     </span>
     <span class='ocr_line' id='line_1_30' title="bbox 369 3601 1727 3682; baseline 0.004 -25"><span class='ocrx_word' id='word_1_309' title='bbox 369 3601 489 3677; x_wconf 86' lang='lat' dir='ltr'><strong>nepoti,</strong></span> <span class='ocrx_word' id='word_1_310' title='bbox 516 3617 574 3679; x_wconf 78' lang='lat' dir='ltr'><strong>ego</strong></span> <span class='ocrx_word' id='word_1_311' title='bbox 597 3602 751 3674; x_wconf 85' lang='lat' dir='ltr'><strong>dictatori,</strong></span> <span class='ocrx_word' id='word_1_312' title='bbox 770 3621 829 3662; x_wconf 90' lang='lat' dir='ltr'><strong>-me</strong></span> <span class='ocrx_word' id='word_1_313' title='bbox 851 3621 953 3662; x_wconf 81' lang='lat' dir='ltr'><strong>verum</strong></span> <span class='ocrx_word' id='word_1_314' title='bbox 977 3603 1092 3664; x_wconf 86' lang='lat' dir='ltr'><strong>vidisse</strong></span> <span class='ocrx_word' id='word_1_315' title='bbox 1117 3613 1188 3681; x_wconf 90' lang='lat' dir='ltr'><strong>post</strong></span> <span class='ocrx_word' id='word_1_316' title='bbox 1208 3605 1305 3682; x_wconf 84' lang='lat' dir='ltr'><strong>legem</strong></span> <span class='ocrx_word' id='word_1_317' title='bbox 1324 3603 1498 3666; x_wconf 84' lang='lat' dir='ltr'><strong>.Genetivae</strong></span> <span class='ocrx_word' id='word_1_318' title='bbox 1520 3607 1659 3666; x_wconf 88' lang='lat' dir='ltr'><strong>coioniae</strong></span> <span class='ocrx_word' id='word_1_319' title='bbox 1680 3625 1727 3664; x_wconf 88' lang='lat' dir='ltr'><strong>re-</strong></span> 
     </span>
     <span class='ocr_line' id='line_1_31' title="bbox 370 3705 939 3779; baseline 0.007 -18"><span class='ocrx_word' id='word_1_320' title='bbox 370 3712 486 3779; x_wconf 85' lang='lat' dir='ltr'><strong>pertam</strong></span> <span class='ocrx_word' id='word_1_321' title='bbox 509 3713 596 3764; x_wconf 80' lang='lat' dir='ltr'><strong>extre</strong></span> <span class='ocrx_word' id='word_1_322' title='bbox 620 3705 860 3766; x_wconf 85' lang='lat' dir='ltr'><strong>controversiam</strong></span> <span class='ocrx_word' id='word_1_323' title='bbox 883 3717 939 3765; x_wconf 88' lang='lat' dir='ltr'><strong>eet.</strong></span> 
     </span>
    </p>

    <p class='ocr_par' dir='ltr' id='par_1_5' title="bbox 226 3803 1730 4580">
     <span class='ocr_line' id='line_1_32' title="bbox 226 3803 1728 3886; baseline 0.003 -23"><span class='ocrx_word' id='word_1_324' title='bbox 226 3811 282 3863; x_wconf 85' lang='lat' dir='ltr'><strong>Lex</strong></span> <span class='ocrx_word' id='word_1_325' title='bbox 297 3810 361 3861; x_wconf 85' lang='lat' dir='ltr'><strong>data</strong></span> <span class='ocrx_word' id='word_1_326' title='bbox 457 3803 529 3882; x_wconf 90' lang='lat' dir='ltr'><strong>Ipsa</strong></span> <span class='ocrx_word' id='word_1_327' title='bbox 553 3805 606 3866; x_wconf 84' lang='lat' dir='ltr'><strong>lex</strong></span> <span class='ocrx_word' id='word_1_328' title='bbox 626 3823 715 3883; x_wconf 88' lang='lat' dir='ltr'><strong>qnam</strong></span> <span class='ocrx_word' id='word_1_329' title='bbox 740 3819 878 3868; x_wconf 83' lang='lat' dir='ltr'><strong>tenemus</strong></span> <span class='ocrx_word' id='word_1_330' title='bbox 902 3825 960 3867; x_wconf 91' lang='lat' dir='ltr'><strong>non</strong></span> <span class='ocrx_word' id='word_1_331' title='bbox 986 3816 1091 3885; x_wconf 82' lang='lat' dir='ltr'><strong>rogata</strong></span> <span class='ocrx_word' id='word_1_332' title='bbox 1112 3819 1160 3868; x_wconf 89' lang='lat' dir='ltr'><strong>est</strong></span> <span class='ocrx_word' id='word_1_333' title='bbox 1182 3809 1380 3886; x_wconf 84' lang='lat' dir='ltr'><strong>(quamquam</strong></span> <span class='ocrx_word' id='word_1_334' title='bbox 1404 3811 1551 3870; x_wconf 81' lang='lat' dir='ltr'><strong>remansit</strong></span> <span class='ocrx_word' id='word_1_335' title='bbox 1566 3807 1595 3882; x_wconf 73' lang='grc'><strong>9,</strong></span> <span class='ocrx_word' id='word_1_336' title='bbox 1610 3809 1651 3870; x_wconf 74' lang='lat'><strong>28</strong></span> <span class='ocrx_word' id='word_1_337' title='bbox 1668 3809 1728 3869; x_wconf 84' lang='lat' dir='ltr'><strong>ior·</strong></span> 
     </span>
     <span class='ocr_line' id='line_1_33' title="bbox 371 3908 1728 3990; baseline 0.003 -24"><span class='ocrx_word' id='word_1_338' title='bbox 371 3908 451 3966; x_wconf 82' lang='lat' dir='ltr'><strong>inuia</strong></span> <span class='ocrx_word' id='word_1_339' title='bbox 475 3908 634 3969; x_wconf 86' lang='lat' dir='ltr'><strong>sollemnis</strong></span> <span class='ocrx_word' id='word_1_340' title='bbox 657 3911 960 3985; x_wconf 78' lang='lat' dir='ltr'><strong>stt·&#39;tt·1.·rt·n),sed</strong></span> <span class='ocrx_word' id='word_1_341' title='bbox 984 3912 1056 3970; x_wconf 82' lang='lat' dir='ltr'><strong>dcta</strong></span> <span class='ocrx_word' id='word_1_342' title='bbox 1076 3909 1208 3986; x_wconf 82' lang='lat'><strong>(8‚14)3</strong></span> <span class='ocrx_word' id='word_1_343' title='bbox 1232 3913 1349 3971; x_wconf 87' lang='lat' dir='ltr'><strong>scilicet</strong></span> <span class='ocrx_word' id='word_1_344' title='bbox 1369 3913 1455 3972; x_wconf 86' lang='lat' dir='ltr'><strong>iussu</strong></span> <span class='ocrx_word' id='word_1_345' title='bbox 1478 3911 1623 3973; x_wconf 84' lang='lat' dir='ltr'><strong>Caesaris</strong></span> <span class='ocrx_word' id='word_1_346' title='bbox 1648 3915 1728 3990; x_wconf 87' lang='lat' dir='ltr'><strong>iege·</strong></span> 
     </span>
     <span class='ocr_line' id='line_1_34' title="bbox 370 4011 1727 4092; baseline 0.009 -25"><span class='ocrx_word' id='word_1_347' title='bbox 370 4025 430 4086; x_wconf 88' lang='lat' dir='ltr'><strong>que</strong></span> <span class='ocrx_word' id='word_1_348' title='bbox 444 4013 579 4070; x_wconf 80' lang='lat' dir='ltr'><strong>Antonia</strong></span> <span class='ocrx_word' id='word_1_349' title='bbox 603 4019 656 4070; x_wconf 88' lang='lat' dir='ltr'><strong>aut</strong></span> <span class='ocrx_word' id='word_1_350' title='bbox 676 4011 746 4088; x_wconf 87' lang='lat' dir='ltr'><strong>ipsc</strong></span> <span class='ocrx_word' id='word_1_351' title='bbox 762 4013 915 4071; x_wconf 80' lang='lat' dir='ltr'><strong>Antonius</strong></span> <span class='ocrx_word' id='word_1_352' title='bbox 939 4023 992 4070; x_wconf 89' lang='lat' dir='ltr'><strong>aut</strong></span> <span class='ocrx_word' id='word_1_353' title='bbox 1013 4013 1094 4072; x_wconf 84' lang='lat' dir='ltr'><strong>alias</strong></span> <span class='ocrx_word' id='word_1_354' title='bbox 1115 4013 1238 4090; x_wconf 89' lang='lat' dir='ltr'><strong>quidam</strong></span> <span class='ocrx_word' id='word_1_355' title='bbox 1263 4033 1359 4073; x_wconf 86' lang='lat' dir='ltr'><strong>novae</strong></span> <span class='ocrx_word' id='word_1_356' title='bbox 1381 4015 1519 4074; x_wconf 88' lang='lat' dir='ltr'><strong>coloniae</strong></span> <span class='ocrx_word' id='word_1_357' title='bbox 1537 4015 1620 4092; x_wconf 79' lang='lat' dir='ltr'><strong>teges</strong></span> <span class='ocrx_word' id='word_1_358' title='bbox 1635 4015 1727 4078; x_wconf 79' lang='lat' dir='ltr'><strong>dedit.</strong></span> 
     </span>
     <span class='ocr_line' id='line_1_35' title="bbox 371 4111 1727 4192; baseline 0.003 -22"><span class='ocrx_word' id='word_1_359' title='bbox 371 4129 429 4189; x_wconf 87' lang='lat' dir='ltr'><strong>qna</strong></span> <span class='ocrx_word' id='word_1_360' title='bbox 454 4112 493 4170; x_wconf 88' lang='lat' dir='ltr'><strong>da</strong></span> <span class='ocrx_word' id='word_1_361' title='bbox 515 4132 546 4170; x_wconf 91' lang='lat' dir='ltr'><strong>re</strong></span> <span class='ocrx_word' id='word_1_362' title='bbox 568 4111 632 4172; x_wconf 86' lang='lat' dir='ltr'><strong>dixi</strong></span> <span class='ocrx_word' id='word_1_363' title='bbox 655 4111 693 4172; x_wconf 87' lang='lat' dir='ltr'><strong>ad</strong></span> <span class='ocrx_word' id='word_1_364' title='bbox 718 4114 801 4190; x_wconf 82' lang='lat' dir='ltr'><strong>leges</strong></span> <span class='ocrx_word' id='word_1_365' title='bbox 823 4113 1034 4172; x_wconf 86' lang='lat' dir='ltr'><strong>Maiaeitanam</strong></span> <span class='ocrx_word' id='word_1_366' title='bbox 1058 4123 1089 4173; x_wconf 93' lang='lat' dir='ltr'><strong>et</strong></span> <span class='ocrx_word' id='word_1_367' title='bbox 1111 4112 1332 4190; x_wconf 85' lang='lat' dir='ltr'><strong>Salpensanam</strong></span> <span class='ocrx_word' id='word_1_368' title='bbox 1356 4135 1384 4192; x_wconf 92' lang='lat' dir='ltr'><strong>p.</strong></span> <span class='ocrx_word' id='word_1_369' title='bbox 1403 4118 1473 4176; x_wconf 86' lang='grc'><strong>394.</strong></span> <span class='ocrx_word' id='word_1_370' title='bbox 1511 4117 1592 4176; x_wconf 87' lang='lat' dir='ltr'><strong>Data</strong></span> <span class='ocrx_word' id='word_1_371' title='bbox 1615 4117 1656 4176; x_wconf 89' lang='lat' dir='ltr'><strong>sit</strong></span> <span class='ocrx_word' id='word_1_372' title='bbox 1679 4135 1727 4175; x_wconf 91' lang='lat' dir='ltr'><strong>ne-</strong></span> 
     </span>
     <span class='ocr_line' id='line_1_36' title="bbox 372 4211 1730 4300; baseline 0.003 -26"><span class='ocrx_word' id='word_1_373' title='bbox 372 4211 460 4274; x_wconf 83' lang='lat' dir='ltr'><strong>ocsae&#39;</strong></span> <span class='ocrx_word' id='word_1_374' title='bbox 487 4224 535 4274; x_wconf 85' lang='lat' dir='ltr'><strong>cst</strong></span> <span class='ocrx_word' id='word_1_375' title='bbox 562 4233 599 4273; x_wconf 89' lang='lat' dir='ltr'><strong>eo</strong></span> <span class='ocrx_word' id='word_1_376' title='bbox 620 4215 691 4292; x_wconf 89' lang='lat' dir='ltr'><strong>ipso</strong></span> <span class='ocrx_word' id='word_1_377' title='bbox 714 4223 863 4291; x_wconf 89' lang='lat' dir='ltr'><strong>tempore,</strong></span> <span class='ocrx_word' id='word_1_378' title='bbox 889 4227 952 4292; x_wconf 82' lang='lat' dir='ltr'><strong>quo</strong></span> <span class='ocrx_word' id='word_1_379' title='bbox 974 4216 1095 4277; x_wconf 86' lang='lat' dir='ltr'><strong>coionia</strong></span> <span class='ocrx_word' id='word_1_380' title='bbox 1117 4218 1365 4289; x_wconf 76' lang='lat' dir='ltr'><strong>constituisset,</strong></span> <span class='ocrx_word' id='word_1_381' title='bbox 1391 4219 1420 4300; x_wconf 83' lang='lat' dir='ltr'><strong>id</strong></span> <span class='ocrx_word' id='word_1_382' title='bbox 1443 4219 1524 4296; x_wconf 87' lang='lat' dir='ltr'><strong>quod</strong></span> <span class='ocrx_word' id='word_1_383' title='bbox 1547 4220 1730 4280; x_wconf 72' lang='lat' dir='ltr'><strong>confirmant</strong></span> 
     </span>
     <span class='ocr_line' id='line_1_37' title="bbox 371 4315 1729 4398; baseline 0.005 -23"><span class='ocrx_word' id='word_1_384' title='bbox 371 4315 465 4376; x_wconf 80' lang='lat' dir='ltr'><strong>verba</strong></span> <span class='ocrx_word' id='word_1_385' title='bbox 484 4319 511 4398; x_wconf 82' lang='lat' dir='ltr'><strong>l,</strong></span> <span class='ocrx_word' id='word_1_386' title='bbox 528 4317 581 4375; x_wconf 82' lang='lat'><strong>19:</strong></span> <span class='ocrx_word' id='word_1_387' title='bbox 604 4322 774 4394; x_wconf 80' lang='lat' dir='ltr'><strong>quicumque</strong></span> <span class='ocrx_word' id='word_1_388' title='bbox 790 4317 873 4375; x_wconf 82' lang='lat' dir='ltr'><strong>Iloc&#39;r</strong></span> <span class='ocrx_word' id='word_1_389' title='bbox 891 4327 961 4394; x_wconf 82' lang='lat' dir='ltr'><strong>poet</strong></span> <span class='ocrx_word' id='word_1_390' title='bbox 981 4317 1124 4376; x_wconf 82' lang='lat' dir='ltr'><strong>caloniam</strong></span> <span class='ocrx_word' id='word_1_391' title='bbox 1146 4320 1298 4378; x_wconf 82' lang='lat' dir='ltr'><strong>deductam</strong></span> <span class='ocrx_word' id='word_1_392' title='bbox 1312 4322 1416 4394; x_wconf 79' lang='lat' dir='ltr'><strong>sactus</strong></span> <span class='ocrx_word' id='word_1_393' title='bbox 1437 4333 1587 4382; x_wconf 77' lang='lat' dir='ltr'><strong>erecturos</strong></span> <span class='ocrx_word' id='word_1_394' title='bbox 1609 4327 1672 4394; x_wconf 78' lang='lat' dir='ltr'><strong>crit,</strong></span> <span class='ocrx_word' id='word_1_395' title='bbox 1696 4329 1729 4382; x_wconf 85' lang='lat' dir='ltr'><strong>ut</strong></span> 
     </span>
     <span class='ocr_line' id='line_1_38' title="bbox 371 4401 1727 4501; baseline 0.004 -24"><span class='ocrx_word' id='word_1_396' title='bbox 371 4417 527 4483; x_wconf 69' lang='lat' dir='ltr'><strong>tornatae,</strong></span> <span class='ocrx_word' id='word_1_397' title='bbox 541 4428 611 4495; x_wconf 78' lang='lat' dir='ltr'><strong>port</strong></span> <span class='ocrx_word' id='word_1_398' title='bbox 638 4401 781 4480; x_wconf 82' lang='lat' dir='ltr'><strong>colonium</strong></span> <span class='ocrx_word' id='word_1_399' title='bbox 808 4420 960 4479; x_wconf 77' lang='lat' dir='ltr'><strong>dedamtam</strong></span> <span class='ocrx_word' id='word_1_400' title='bbox 986 4429 1017 4479; x_wconf 88' lang='lat' dir='ltr'><strong>ct</strong></span> <span class='ocrx_word' id='word_1_401' title='bbox 1038 4430 1108 4497; x_wconf 86' lang='lat' dir='ltr'><strong>post</strong></span> <span class='ocrx_word' id='word_1_402' title='bbox 1129 4421 1206 4480; x_wconf 76' lang='lat' dir='ltr'><strong>buno</strong></span> <span class='ocrx_word' id='word_1_403' title='bbox 1228 4421 1315 4498; x_wconf 79' lang='lat' dir='ltr'><strong>lepem</strong></span> <span class='ocrx_word' id='word_1_404' title='bbox 1336 4423 1435 4481; x_wconf 84' lang='lat' dir='ltr'><strong>datum</strong></span> <span class='ocrx_word' id='word_1_405' title='bbox 1457 4423 1512 4498; x_wconf 85' lang='grc'><strong>(8,</strong></span> <span class='ocrx_word' id='word_1_406' title='bbox 1531 4422 1589 4501; x_wconf 79' lang='lat' dir='ltr'><strong>te)</strong></span> <span class='ocrx_word' id='word_1_407' title='bbox 1613 4443 1645 4484; x_wconf 85' lang='lat' dir='ltr'><strong>re</strong></span> <span class='ocrx_word' id='word_1_408' title='bbox 1667 4443 1727 4482; x_wconf 90' lang='lat' dir='ltr'><strong>non</strong></span> 
     </span>
     <span class='ocr_line' id='line_1_39' title="bbox 373 4519 523 4580; baseline -0.007 -2"><span class='ocrx_word' id='word_1_409' title='bbox 373 4519 523 4580; x_wconf 82' lang='lat' dir='ltr'><strong>differant.</strong></span> 
     </span>
    </p>

    <p class='ocr_par' dir='ltr' id='par_1_6' title="bbox 236 4621 1727 4706">
     <span class='ocr_line' id='line_1_40' title="bbox 236 4621 1727 4706; baseline 0.004 -26"><span class='ocrx_word' id='word_1_410' title='bbox 236 4629 354 4680; x_wconf 77' lang='lat' dir='ltr'><strong>Tabulae</strong></span> <span class='ocrx_word' id='word_1_411' title='bbox 458 4621 616 4684; x_wconf 86' lang='lat' dir='ltr'><strong>Scribendi</strong></span> <span class='ocrx_word' id='word_1_412' title='bbox 639 4625 718 4682; x_wconf 85' lang='lat' dir='ltr'><strong>ratio</strong></span> <span class='ocrx_word' id='word_1_413' title='bbox 740 4643 810 4684; x_wconf 88' lang='lat' dir='ltr'><strong>cum</strong></span> <span class='ocrx_word' id='word_1_414' title='bbox 831 4624 930 4702; x_wconf 87' lang='lat' dir='ltr'><strong>ipsius</strong></span> <span class='ocrx_word' id='word_1_415' title='bbox 952 4625 1029 4701; x_wconf 78' lang='lat' dir='ltr'><strong>legia</strong></span> <span class='ocrx_word' id='word_1_416' title='bbox 1045 4635 1144 4685; x_wconf 87' lang='lat' dir='ltr'><strong>aetate</strong></span> <span class='ocrx_word' id='word_1_417' title='bbox 1158 4645 1265 4704; x_wconf 87' lang='lat' dir='ltr'><strong>parum</strong></span> <span class='ocrx_word' id='word_1_418' title='bbox 1282 4629 1439 4698; x_wconf 86' lang='lat' dir='ltr'><strong>convenit;</strong></span> <span class='ocrx_word' id='word_1_419' title='bbox 1462 4645 1530 4686; x_wconf 90' lang='lat' dir='ltr'><strong>nam</strong></span> <span class='ocrx_word' id='word_1_420' title='bbox 1547 4646 1615 4687; x_wconf 85' lang='lat' dir='ltr'><strong>curn</strong></span> <span class='ocrx_word' id='word_1_421' title='bbox 1632 4635 1727 4706; x_wconf 79' lang='lat' dir='ltr'><strong>tegam</strong></span> 
     </span>
    </p>

    <p class='ocr_par' dir='ltr' id='par_1_7' title="bbox 242 4704 1728 4804">
     <span class='ocr_line' id='line_1_41' title="bbox 242 4704 1728 4804; baseline 0.003 -21"><span class='ocrx_word' id='word_1_422' title='bbox 242 4704 348 4790; x_wconf 74' lang='lat' dir='ltr'><strong>qnando</strong></span> <span class='ocrx_word' id='word_1_423' title='bbox 373 4729 516 4800; x_wconf 87' lang='lat' dir='ltr'><strong>scriptam</strong></span> <span class='ocrx_word' id='word_1_424' title='bbox 539 4745 608 4784; x_wconf 90' lang='lat' dir='ltr'><strong>csse</strong></span> <span class='ocrx_word' id='word_1_425' title='bbox 629 4748 657 4786; x_wconf 86' lang='lat' dir='ltr'><strong>a.</strong></span> <span class='ocrx_word' id='word_1_426' title='bbox 675 4747 703 4784; x_wconf 90' lang='lat' dir='ltr'><strong>u.</strong></span> <span class='ocrx_word' id='word_1_427' title='bbox 721 4745 746 4786; x_wconf 90' lang='lat' dir='ltr'><strong>o.</strong></span> <span class='ocrx_word' id='word_1_428' title='bbox 764 4727 826 4785; x_wconf 81' lang='lat'><strong>710</strong></span> <span class='ocrx_word' id='word_1_429' title='bbox 848 4727 1166 4800; x_wconf 83' lang='lat' dir='ltr'><strong>demonstraverimus,</strong></span> <span class='ocrx_word' id='word_1_430' title='bbox 1189 4738 1220 4786; x_wconf 90' lang='lat' dir='ltr'><strong>et</strong></span> <span class='ocrx_word' id='word_1_431' title='bbox 1242 4729 1458 4804; x_wconf 84' lang='lat' dir='ltr'><strong>grammaticae</strong></span> <span class='ocrx_word' id='word_1_432' title='bbox 1481 4729 1596 4788; x_wconf 75' lang='lat' dir='ltr'><strong>formae</strong></span> <span class='ocrx_word' id='word_1_433' title='bbox 1618 4739 1648 4788; x_wconf 88' lang='lat' dir='ltr'><strong>et</strong></span> <span class='ocrx_word' id='word_1_434' title='bbox 1667 4729 1728 4790; x_wconf 86' lang='lat' dir='ltr'><strong>eie·</strong></span> 
     </span>
    </p>

    <p class='ocr_par' dir='ltr' id='par_1_8' title="bbox 240 4783 1729 5314">
     <span class='ocr_line' id='line_1_42' title="bbox 240 4783 1728 4910; baseline 0.003 -25"><span class='ocrx_word' id='word_1_435' title='bbox 240 4783 353 4842; x_wconf 56' lang='lat' dir='ltr'><strong>mmm</strong></span> <span class='ocrx_word' id='word_1_436' title='bbox 374 4840 542 4888; x_wconf 87' lang='lat' dir='ltr'><strong>mentorum</strong></span> <span class='ocrx_word' id='word_1_437' title='bbox 565 4828 680 4906; x_wconf 79' lang='lat' dir='ltr'><strong>figurae</strong></span> <span class='ocrx_word' id='word_1_438' title='bbox 704 4837 820 4888; x_wconf 84' lang='lat' dir='ltr'><strong>tentum</strong></span> <span class='ocrx_word' id='word_1_439' title='bbox 845 4831 933 4890; x_wconf 87' lang='lat' dir='ltr'><strong>abest</strong></span> <span class='ocrx_word' id='word_1_440' title='bbox 955 4841 989 4888; x_wconf 93' lang='lat' dir='ltr'><strong>ut</strong></span> <span class='ocrx_word' id='word_1_441' title='bbox 1009 4830 1172 4906; x_wconf 81' lang='lat' dir='ltr'><strong>quicquam</strong></span> <span class='ocrx_word' id='word_1_442' title='bbox 1196 4831 1328 4890; x_wconf 89' lang='lat' dir='ltr'><strong>habeant</strong></span> <span class='ocrx_word' id='word_1_443' title='bbox 1349 4829 1544 4890; x_wconf 86' lang='lat' dir='ltr'><strong>Caesarianis</strong></span> <span class='ocrx_word' id='word_1_444' title='bbox 1566 4833 1728 4910; x_wconf 75' lang='lat' dir='ltr'><strong>Augustis-</strong></span> 
     </span>
     <span class='ocr_line' id='line_1_43' title="bbox 372 4931 1727 5010; baseline 0.004 -23"><span class='ocrx_word' id='word_1_445' title='bbox 372 4948 431 5006; x_wconf 88' lang='lat' dir='ltr'><strong>que</strong></span> <span class='ocrx_word' id='word_1_446' title='bbox 454 4931 644 5010; x_wconf 85' lang='lat' dir='ltr'><strong>temporibus</strong></span> <span class='ocrx_word' id='word_1_447' title='bbox 669 4932 835 5007; x_wconf 86' lang='lat' dir='ltr'><strong>proprium,</strong></span> <span class='ocrx_word' id='word_1_448' title='bbox 859 4943 892 4990; x_wconf 91' lang='lat' dir='ltr'><strong>ut</strong></span> <span class='ocrx_word' id='word_1_449' title='bbox 906 4931 1045 5010; x_wconf 80' lang='lat' dir='ltr'><strong>vulgaris</strong></span> <span class='ocrx_word' id='word_1_450' title='bbox 1064 4933 1253 4991; x_wconf 85' lang='lat' dir='ltr'><strong>consuetudo</strong></span> <span class='ocrx_word' id='word_1_451' title='bbox 1275 4933 1388 4992; x_wconf 70' lang='lat' dir='ltr'><strong>munii</strong></span> <span class='ocrx_word' id='word_1_452' title='bbox 1411 4933 1501 5010; x_wconf 83' lang='lat' dir='ltr'><strong>primi</strong></span> <span class='ocrx_word' id='word_1_453' title='bbox 1523 4935 1663 4994; x_wconf 83' lang='lat' dir='ltr'><strong>exeuntis</strong></span> <span class='ocrx_word' id='word_1_454' title='bbox 1681 4949 1727 4992; x_wconf 86' lang='lat' dir='ltr'><strong>aa·</strong></span> 
     </span>
     <span class='ocr_line' id='line_1_44' title="bbox 372 5032 1726 5120; baseline 0.003 -32"><span class='ocrx_word' id='word_1_455' title='bbox 372 5032 523 5108; x_wconf 82' lang='lat' dir='ltr'><strong>condique</strong></span> <span class='ocrx_word' id='word_1_456' title='bbox 545 5042 691 5110; x_wconf 88' lang='lat' dir='ltr'><strong>perpetuo</strong></span> <span class='ocrx_word' id='word_1_457' title='bbox 714 5032 754 5092; x_wconf 91' lang='lat' dir='ltr'><strong>ibi</strong></span> <span class='ocrx_word' id='word_1_458' title='bbox 778 5034 922 5093; x_wconf 90' lang='lat' dir='ltr'><strong>obtineat.</strong></span> <span class='ocrx_word' id='word_1_459' title='bbox 958 5033 1135 5110; x_wconf 85' lang='lat' dir='ltr'><strong>-Excmplar</strong></span> <span class='ocrx_word' id='word_1_460' title='bbox 1156 5033 1249 5110; x_wconf 79' lang='lat' dir='ltr'><strong>igitur</strong></span> <span class='ocrx_word' id='word_1_461' title='bbox 1271 5035 1363 5110; x_wconf 85' lang='lat' dir='ltr'><strong>quod</strong></span> <span class='ocrx_word' id='word_1_462' title='bbox 1378 5041 1512 5094; x_wconf 83' lang='lat' dir='ltr'><strong>tenemus</strong></span> <span class='ocrx_word' id='word_1_463' title='bbox 1537 5043 1726 5120; x_wconf 86' lang='lat' dir='ltr'><strong>retractatum</strong></span> 
     </span>
     <span class='ocr_line' id='line_1_45' title="bbox 372 5133 1729 5216; baseline 0.002 -23"><span class='ocrx_word' id='word_1_464' title='bbox 372 5133 412 5193; x_wconf 88' lang='lat' dir='ltr'><strong>eit</strong></span> <span class='ocrx_word' id='word_1_465' title='bbox 434 5151 559 5194; x_wconf 87' lang='lat' dir='ltr'><strong>necesse</strong></span> <span class='ocrx_word' id='word_1_466' title='bbox 581 5143 679 5196; x_wconf 88' lang='lat' dir='ltr'><strong>estet</strong></span> <span class='ocrx_word' id='word_1_467' title='bbox 701 5135 739 5194; x_wconf 87' lang='lat' dir='ltr'><strong>ab</strong></span> <span class='ocrx_word' id='word_1_468' title='bbox 762 5135 800 5194; x_wconf 87' lang='lat' dir='ltr'><strong>iia</strong></span> <span class='ocrx_word' id='word_1_469' title='bbox 823 5137 876 5212; x_wconf 91' lang='lat' dir='ltr'><strong>qui</strong></span> <span class='ocrx_word' id='word_1_470' title='bbox 898 5135 1094 5212; x_wconf 80' lang='lat' dir='ltr'><strong>archetypum</strong></span> <span class='ocrx_word' id='word_1_471' title='bbox 1114 5144 1220 5210; x_wconf 85' lang='lat' dir='ltr'><strong>postea</strong></span> <span class='ocrx_word' id='word_1_472' title='bbox 1237 5136 1464 5213; x_wconf 80' lang='lat' dir='ltr'><strong>descripserunt</strong></span> <span class='ocrx_word' id='word_1_473' title='bbox 1480 5135 1729 5216; x_wconf 77' lang='lat' dir='ltr'><strong>recognoverunt·</strong></span> 
     </span>
     <span class='ocr_line' id='line_1_46' title="bbox 371 5235 1728 5314; baseline 0.004 -21"><span class='ocrx_word' id='word_1_474' title='bbox 371 5253 432 5312; x_wconf 87' lang='lat' dir='ltr'><strong>que</strong></span> <span class='ocrx_word' id='word_1_475' title='bbox 458 5235 495 5295; x_wconf 78' lang='lat' dir='ltr'><strong>ad</strong></span> <span class='ocrx_word' id='word_1_476' title='bbox 524 5255 598 5296; x_wconf 88' lang='lat' dir='ltr'><strong>suae</strong></span> <span class='ocrx_word' id='word_1_477' title='bbox 624 5237 734 5297; x_wconf 86' lang='lat' dir='ltr'><strong>aetatis</strong></span> <span class='ocrx_word' id='word_1_478' title='bbox 761 5255 850 5297; x_wconf 89' lang='lat' dir='ltr'><strong>usum</strong></span> <span class='ocrx_word' id='word_1_479' title='bbox 878 5247 1020 5298; x_wconf 78' lang='lat' dir='ltr'><strong>exactam</strong></span> <span class='ocrx_word' id='word_1_480' title='bbox 1045 5235 1211 5314; x_wconf 77' lang='lat' dir='ltr'><strong>diligentia</strong></span> <span class='ocrx_word' id='word_1_481' title='bbox 1230 5249 1260 5298; x_wconf 88' lang='lat' dir='ltr'><strong>at</strong></span> <span class='ocrx_word' id='word_1_482' title='bbox 1287 5237 1456 5299; x_wconf 73' lang='lat' dir='ltr'><strong>consuetis</strong></span> <span class='ocrx_word' id='word_1_483' title='bbox 1485 5257 1559 5300; x_wconf 87' lang='lat' dir='ltr'><strong>aene</strong></span> <span class='ocrx_word' id='word_1_484' title='bbox 1586 5239 1728 5300; x_wconf 76' lang='lat' dir='ltr'><strong>mirabili.</strong></span> 
     </span>
    </p>
   </div>
   <div class='ocr_carea' id='block_1_3' title="bbox 0 0 1928 5850">
    <p class='ocr_par' dir='ltr' id='par_1_9' title="bbox 0 0 1928 5850">
     <span class='ocr_line' id='line_1_47' title="bbox 0 0 1928 5850; baseline 0 0"><span class='ocrx_word' id='word_1_485' title='bbox 0 0 1928 5850; x_wconf 95' lang='lat' dir='ltr'><strong> </strong></span> 
     </span>
    </p>
   </div>
  </div>
 </body>
</html>
