<?xml version="1.0" encoding="UTF-8"?>
<!DOCTYPE html PUBLIC "-//W3C//DTD XHTML 1.0 Transitional//EN"
    "http://www.w3.org/TR/xhtml1/DTD/xhtml1-transitional.dtd">
<html xmlns="http://www.w3.org/1999/xhtml" xml:lang="en" lang="en">
 <head>
  <title>
</title>
<meta http-equiv="Content-Type" content="text/html;charset=utf-8" />
  <meta name='ocr-system' content='tesseract 3.04.00' />
  <meta name='ocr-capabilities' content='ocr_page ocr_carea ocr_par ocr_line ocrx_word'/>
</head>
<body>
  <div class='ocr_page' id='page_1' title='image "./ephemerisepigra08instgoog/ephemerisepigra08instgoog_0164.png"; bbox 0 0 3848 5850; ppageno 0'>
   <div class='ocr_carea' id='block_1_1' title="bbox 516 579 1575 654">
    <p class='ocr_par' dir='ltr' id='par_1_1' title="bbox 516 579 1575 654">
     <span class='ocr_line' id='line_1_1' title="bbox 516 579 1575 654; baseline 0.002 -6"><span class='ocrx_word' id='word_1_1' title='bbox 516 595 863 650; x_wconf 77' lang='lat' dir='ltr'><strong>conuuursuuosss</strong></span> <span class='ocrx_word' id='word_1_2' title='bbox 882 595 1164 648; x_wconf 75' lang='lat' dir='ltr'><strong>serumrsrcss</strong></span> <span class='ocrx_word' id='word_1_3' title='bbox 1183 597 1286 654; x_wconf 82' lang='lat' dir='ltr'><strong>rsus.</strong></span> <span class='ocrx_word' id='word_1_4' title='bbox 1506 579 1575 652; x_wconf 75' lang='lat'><strong>157</strong></span> 
     </span>
    </p>
   </div>
   <div class='ocr_carea' id='block_1_2' title="bbox 225 770 1578 3106">
    <p class='ocr_par' dir='ltr' id='par_1_2' title="bbox 230 770 1578 1664">
     <span class='ocr_line' id='line_1_2' title="bbox 232 770 1578 850; baseline 0 -18"><span class='ocrx_word' id='word_1_5' title='bbox 232 771 315 832; x_wconf 85' lang='lat' dir='ltr'><strong>Osos</strong></span> <span class='ocrx_word' id='word_1_6' title='bbox 335 771 541 831; x_wconf 86' lang='lat' dir='ltr'><strong>existimanda</strong></span> <span class='ocrx_word' id='word_1_7' title='bbox 562 771 617 842; x_wconf 90' lang='lat' dir='ltr'><strong>sit,</strong></span> <span class='ocrx_word' id='word_1_8' title='bbox 645 792 707 830; x_wconf 90' lang='lat' dir='ltr'><strong>nun</strong></span> <span class='ocrx_word' id='word_1_9' title='bbox 737 781 834 848; x_wconf 88' lang='lat' dir='ltr'><strong>potest</strong></span> <span class='ocrx_word' id='word_1_10' title='bbox 862 788 930 830; x_wconf 88' lang='lat' dir='ltr'><strong>osse</strong></span> <span class='ocrx_word' id='word_1_11' title='bbox 957 770 1162 830; x_wconf 72' lang='lat' dir='ltr'><strong>nominativus</strong></span> <span class='ocrx_word' id='word_1_12' title='bbox 1190 771 1352 850; x_wconf 84' lang='lat' dir='ltr'><strong>singularis</strong></span> <span class='ocrx_word' id='word_1_13' title='bbox 1381 773 1510 834; x_wconf 87' lang='lat' dir='ltr'><strong>nominis</strong></span> <span class='ocrx_word' id='word_1_14' title='bbox 1539 774 1578 832; x_wconf 89' lang='lat' dir='ltr'><strong>ad</strong></span> 
     </span>
     <span class='ocr_line' id='line_1_3' title="bbox 233 869 1577 954; baseline -0.001 -20"><span class='ocrx_word' id='word_1_15' title='bbox 233 869 359 954; x_wconf 59' lang='grc' dir='ltr'><strong>ΣαλαῘε</strong></span> <span class='ocrx_word' id='word_1_16' title='bbox 381 873 548 950; x_wconf 74' lang='lat' dir='ltr'>pertinens,</span> <span class='ocrx_word' id='word_1_17' title='bbox 570 873 651 950; x_wconf 92' lang='lat' dir='ltr'><strong>quod</strong></span> <span class='ocrx_word' id='word_1_18' title='bbox 674 871 822 932; x_wconf 89' lang='lat' dir='ltr'><strong>eiusmodi</strong></span> <span class='ocrx_word' id='word_1_19' title='bbox 844 873 1021 932; x_wconf 86' lang='lat' dir='ltr'><strong>nominativi</strong></span> <span class='ocrx_word' id='word_1_20' title='bbox 1044 873 1122 952; x_wconf 91' lang='lat' dir='ltr'><strong>sing.</strong></span> <span class='ocrx_word' id='word_1_21' title='bbox 1138 891 1232 933; x_wconf 87' lang='lat' dir='ltr'><strong>masc.</strong></span> <span class='ocrx_word' id='word_1_22' title='bbox 1247 873 1278 932; x_wconf 90' lang='lat' dir='ltr'><strong>in</strong></span> <span class='ocrx_word' id='word_1_23' title='bbox 1301 895 1319 932; x_wconf 91' lang='lat' dir='ltr'><strong>e</strong></span> <span class='ocrx_word' id='word_1_24' title='bbox 1338 875 1474 934; x_wconf 82' lang='lat' dir='ltr'>vocalem</span> <span class='ocrx_word' id='word_1_25' title='bbox 1497 875 1577 934; x_wconf 91' lang='lat' dir='ltr'><strong>desi·</strong></span> 
     </span>
     <span class='ocr_line' id='line_1_4' title="bbox 231 971 1577 1055; baseline 0.002 -20"><span class='ocrx_word' id='word_1_26' title='bbox 231 985 338 1036; x_wconf 78' lang='lat' dir='ltr'><strong>nentes</strong></span> <span class='ocrx_word' id='word_1_27' title='bbox 365 995 384 1036; x_wconf 92' lang='lat' dir='ltr'><strong>a</strong></span> <span class='ocrx_word' id='word_1_28' title='bbox 409 976 515 1054; x_wconf 86' lang='lat' dir='ltr'><strong>lingua</strong></span> <span class='ocrx_word' id='word_1_29' title='bbox 537 975 621 1036; x_wconf 87' lang='lat' dir='ltr'><strong>Osca</strong></span> <span class='ocrx_word' id='word_1_30' title='bbox 647 976 737 1054; x_wconf 89' lang='lat' dir='ltr'><strong>plana</strong></span> <span class='ocrx_word' id='word_1_31' title='bbox 765 976 867 1036; x_wconf 90' lang='lat' dir='ltr'><strong>aliena</strong></span> <span class='ocrx_word' id='word_1_32' title='bbox 893 983 972 1036; x_wconf 85' lang='lat' dir='ltr'><strong>suut.</strong></span> <span class='ocrx_word' id='word_1_33' title='bbox 1015 975 1122 1053; x_wconf 84' lang='lat' dir='ltr'><strong>Itaque</strong></span> <span class='ocrx_word' id='word_1_34' title='bbox 1148 975 1224 1034; x_wconf 90' lang='lat' dir='ltr'><strong>illud</strong></span> <span class='ocrx_word' id='word_1_35' title='bbox 1245 971 1324 1055; x_wconf 69' lang='lat' dir='ltr'><strong>fuas</strong></span> <span class='ocrx_word' id='word_1_36' title='bbox 1349 1001 1386 1027; x_wconf 84' lang='lat'><strong>==</strong></span> <span class='ocrx_word' id='word_1_37' title='bbox 1410 978 1475 1037; x_wconf 85' lang='lat' dir='ltr'><strong>cole</strong></span> <span class='ocrx_word' id='word_1_38' title='bbox 1501 979 1577 1038; x_wconf 88' lang='lat' dir='ltr'><strong>nihil</strong></span> 
     </span>
     <span class='ocr_line' id='line_1_5' title="bbox 233 1077 1576 1156; baseline 0.001 -18"><span class='ocrx_word' id='word_1_39' title='bbox 233 1079 315 1139; x_wconf 87' lang='lat' dir='ltr'><strong>aliud</strong></span> <span class='ocrx_word' id='word_1_40' title='bbox 337 1092 385 1138; x_wconf 90' lang='lat' dir='ltr'><strong>est</strong></span> <span class='ocrx_word' id='word_1_41' title='bbox 406 1077 465 1140; x_wconf 90' lang='lat' dir='ltr'><strong>uisi</strong></span> <span class='ocrx_word' id='word_1_42' title='bbox 489 1077 572 1138; x_wconf 89' lang='lat' dir='ltr'><strong>Osca</strong></span> <span class='ocrx_word' id='word_1_43' title='bbox 591 1077 690 1137; x_wconf 85' lang='lat' dir='ltr'><strong>iorrue</strong></span> <span class='ocrx_word' id='word_1_44' title='bbox 711 1077 897 1154; x_wconf 83' lang='lat' dir='ltr'><strong>imperativi,</strong></span> <span class='ocrx_word' id='word_1_45' title='bbox 924 1096 1002 1154; x_wconf 90' lang='lat' dir='ltr'><strong>quae</strong></span> <span class='ocrx_word' id='word_1_46' title='bbox 1029 1077 1194 1156; x_wconf 81' lang='lat' dir='ltr'><strong>respondet</strong></span> <span class='ocrx_word' id='word_1_47' title='bbox 1215 1077 1344 1138; x_wconf 87' lang='lat' dir='ltr'><strong>Latinae</strong></span> <span class='ocrx_word' id='word_1_48' title='bbox 1366 1079 1441 1140; x_wconf 78' lang='lat' dir='ltr'><strong>vols.</strong></span> <span class='ocrx_word' id='word_1_49' title='bbox 1486 1079 1576 1140; x_wconf 88' lang='lat' dir='ltr'><strong>Hanc</strong></span> 
     </span>
     <span class='ocr_line' id='line_1_6' title="bbox 232 1177 1576 1259; baseline 0.001 -19"><span class='ocrx_word' id='word_1_50' title='bbox 232 1183 314 1241; x_wconf 90' lang='lat' dir='ltr'><strong>enirn</strong></span> <span class='ocrx_word' id='word_1_51' title='bbox 335 1188 439 1240; x_wconf 89' lang='lat' dir='ltr'><strong>notum</strong></span> <span class='ocrx_word' id='word_1_52' title='bbox 463 1195 509 1241; x_wconf 89' lang='lat' dir='ltr'><strong>est</strong></span> <span class='ocrx_word' id='word_1_53' title='bbox 530 1181 560 1239; x_wconf 92' lang='lat' dir='ltr'><strong>in</strong></span> <span class='ocrx_word' id='word_1_54' title='bbox 583 1181 729 1246; x_wconf 77' lang='lat' dir='ltr'><strong>clausulis</strong></span> <span class='ocrx_word' id='word_1_55' title='bbox 752 1181 908 1240; x_wconf 89' lang='lat' dir='ltr'><strong>titulorum</strong></span> <span class='ocrx_word' id='word_1_56' title='bbox 931 1179 1143 1259; x_wconf 85' lang='lat' dir='ltr'><strong>sepulcralium</strong></span> <span class='ocrx_word' id='word_1_57' title='bbox 1159 1177 1340 1241; x_wconf 87' lang='lat' dir='ltr'><strong>Latinorum</strong></span> <span class='ocrx_word' id='word_1_58' title='bbox 1363 1199 1460 1259; x_wconf 85' lang='lat' dir='ltr'><strong>neque</strong></span> <span class='ocrx_word' id='word_1_59' title='bbox 1482 1185 1576 1241; x_wconf 87' lang='lat' dir='ltr'><strong>usita-</strong></span> 
     </span>
     <span class='ocr_line' id='line_1_7' title="bbox 234 1281 1573 1367; baseline 0.001 -24"><span class='ocrx_word' id='word_1_60' title='bbox 234 1293 295 1343; x_wconf 89' lang='lat' dir='ltr'><strong>tam</strong></span> <span class='ocrx_word' id='word_1_61' title='bbox 317 1293 499 1360; x_wconf 82' lang='lat' dir='ltr'><strong>cessatque</strong></span> <span class='ocrx_word' id='word_1_62' title='bbox 521 1294 575 1342; x_wconf 72' lang='lat' dir='ltr'><strong>oce</strong></span> <span class='ocrx_word' id='word_1_63' title='bbox 595 1293 626 1342; x_wconf 88' lang='lat' dir='ltr'><strong>ct</strong></span> <span class='ocrx_word' id='word_1_64' title='bbox 647 1285 727 1342; x_wconf 71' lang='lat' dir='ltr'><strong>solare</strong></span> <span class='ocrx_word' id='word_1_65' title='bbox 747 1291 778 1342; x_wconf 92' lang='lat' dir='ltr'><strong>et</strong></span> <span class='ocrx_word' id='word_1_66' title='bbox 799 1281 985 1342; x_wconf 87' lang='lat' dir='ltr'><strong>Graecorum</strong></span> <span class='ocrx_word' id='word_1_67' title='bbox 1008 1283 1105 1367; x_wconf 70' lang='grc' dir='ltr'><strong>χαῖρε.</strong></span> <span class='ocrx_word' id='word_1_68' title='bbox 1140 1282 1223 1359; x_wconf 79' lang='lat' dir='ltr'><strong>Ergo</strong></span> <span class='ocrx_word' id='word_1_69' title='bbox 1246 1285 1411 1344; x_wconf 78' lang='lat' dir='ltr'><strong>enuntiatio</strong></span> <span class='ocrx_word' id='word_1_70' title='bbox 1434 1281 1573 1345; x_wconf 80' lang='lat' dir='ltr'><strong>Lucana:</strong></span> 
     </span>
     <span class='ocr_line' id='line_1_8' title="bbox 231 1375 1574 1467; baseline 0.003 -25"><span class='ocrx_word' id='word_1_71' title='bbox 231 1375 357 1467; x_wconf 69' lang='lat' dir='ltr'><strong>2ch</strong></span> <span class='ocrx_word' id='word_1_72' title='bbox 372 1382 454 1467; x_wconf 66' lang='lat' dir='ltr'><strong>feta</strong></span> <span class='ocrx_word' id='word_1_73' title='bbox 472 1409 509 1438; x_wconf 86' lang='lat'><em>-··-·</em></span> <span class='ocrx_word' id='word_1_74' title='bbox 527 1385 647 1446; x_wconf 82' lang='lat' dir='ltr'><strong>Sulcius</strong></span> <span class='ocrx_word' id='word_1_75' title='bbox 670 1383 786 1462; x_wconf 78' lang='lat' dir='ltr'><strong>(Soloi)</strong></span> <span class='ocrx_word' id='word_1_76' title='bbox 808 1385 887 1460; x_wconf 82' lang='lat' dir='ltr'><strong>saie,</strong></span> <span class='ocrx_word' id='word_1_77' title='bbox 915 1385 1093 1446; x_wconf 88' lang='lat' dir='ltr'><strong>acclamatio</strong></span> <span class='ocrx_word' id='word_1_78' title='bbox 1116 1385 1249 1446; x_wconf 83' lang='lat' dir='ltr'><strong>eiusdem</strong></span> <span class='ocrx_word' id='word_1_79' title='bbox 1271 1389 1392 1462; x_wconf 82' lang='lat' dir='ltr'><strong>generis</strong></span> <span class='ocrx_word' id='word_1_80' title='bbox 1415 1395 1463 1446; x_wconf 86' lang='lat' dir='ltr'><strong>est</strong></span> <span class='ocrx_word' id='word_1_81' title='bbox 1483 1397 1517 1446; x_wconf 91' lang='lat' dir='ltr'><strong>ut</strong></span> <span class='ocrx_word' id='word_1_82' title='bbox 1539 1389 1574 1446; x_wconf 90' lang='lat' dir='ltr'><strong>ti·</strong></span> 
     </span>
     <span class='ocr_line' id='line_1_9' title="bbox 230 1486 1573 1567; baseline 0.003 -21"><span class='ocrx_word' id='word_1_83' title='bbox 230 1488 284 1548; x_wconf 91' lang='lat' dir='ltr'><strong>tuli</strong></span> <span class='ocrx_word' id='word_1_84' title='bbox 313 1488 500 1566; x_wconf 79' lang='lat' dir='ltr'><strong>sepulcrales</strong></span> <span class='ocrx_word' id='word_1_85' title='bbox 529 1487 733 1567; x_wconf 82' lang='lat' dir='ltr'><strong>antiquissimi</strong></span> <span class='ocrx_word' id='word_1_86' title='bbox 755 1487 872 1561; x_wconf 90' lang='lat' dir='ltr'><strong>Latini,</strong></span> <span class='ocrx_word' id='word_1_87' title='bbox 904 1486 937 1547; x_wconf 87' lang='lat' dir='ltr'><strong>C.</strong></span> <span class='ocrx_word' id='word_1_88' title='bbox 954 1487 980 1546; x_wconf 93' lang='lat' dir='ltr'><strong>I.</strong></span> <span class='ocrx_word' id='word_1_89' title='bbox 1001 1486 1072 1546; x_wconf 85' lang='lat' dir='ltr'><strong>Lat.</strong></span> <span class='ocrx_word' id='word_1_90' title='bbox 1090 1488 1114 1564; x_wconf 88' lang='lat' dir='ltr'><strong>I,</strong></span> <span class='ocrx_word' id='word_1_91' title='bbox 1138 1489 1195 1549; x_wconf 84' lang='lat'><strong>98:</strong></span> <span class='ocrx_word' id='word_1_92' title='bbox 1215 1489 1249 1548; x_wconf 89' lang='lat' dir='ltr'><strong>P.</strong></span> <span class='ocrx_word' id='word_1_93' title='bbox 1276 1489 1367 1548; x_wconf 81' lang='lat' dir='ltr'><strong>Cordr&#39;</strong></span> <span class='ocrx_word' id='word_1_94' title='bbox 1387 1501 1478 1550; x_wconf 83' lang='lat' dir='ltr'><strong>mutar</strong></span> <span class='ocrx_word' id='word_1_95' title='bbox 1499 1491 1573 1562; x_wconf 84' lang='lat' dir='ltr'><strong>cula,</strong></span> 
     </span>
     <span class='ocr_line' id='line_1_10' title="bbox 230 1589 990 1664; baseline -0.003 -14"><span class='ocrx_word' id='word_1_96' title='bbox 230 1601 271 1664; x_wconf 88' lang='lat' dir='ltr'><strong>et,</strong></span> <span class='ocrx_word' id='word_1_97' title='bbox 295 1591 315 1650; x_wconf 84' lang='lat'><strong>1.</strong></span> <span class='ocrx_word' id='word_1_98' title='bbox 331 1609 356 1649; x_wconf 84' lang='lat' dir='ltr'><strong>c.</strong></span> <span class='ocrx_word' id='word_1_99' title='bbox 371 1589 400 1662; x_wconf 94' lang='lat' dir='ltr'><strong>I,</strong></span> <span class='ocrx_word' id='word_1_100' title='bbox 415 1589 472 1652; x_wconf 76' lang='lat' dir='ltr'><strong>st:</strong></span> <span class='ocrx_word' id='word_1_101' title='bbox 492 1591 629 1650; x_wconf 81' lang='lat' dir='ltr'><strong>Eucleais</strong></span> <span class='ocrx_word' id='word_1_102' title='bbox 654 1590 750 1651; x_wconf 76' lang='lat' dir='ltr'><strong>Grstr&#39;o</strong></span> <span class='ocrx_word' id='word_1_103' title='bbox 773 1589 792 1650; x_wconf 92' lang='lat' dir='ltr'><strong>l.</strong></span> <span class='ocrx_word' id='word_1_104' title='bbox 815 1593 896 1652; x_wconf 85' lang='lat' dir='ltr'><strong>soloe</strong></span> <span class='ocrx_word' id='word_1_105' title='bbox 916 1591 990 1650; x_wconf 83' lang='lat' dir='ltr'><strong>cols.</strong></span> 
     </span>
    </p>

    <p class='ocr_par' dir='ltr' id='par_1_3' title="bbox 228 1687 1572 2383">
     <span class='ocr_line' id='line_1_11' title="bbox 312 1687 1571 1772; baseline 0.003 -22"><span class='ocrx_word' id='word_1_106' title='bbox 312 1691 349 1750; x_wconf 91' lang='lat' dir='ltr'><strong>Iu</strong></span> <span class='ocrx_word' id='word_1_107' title='bbox 370 1692 477 1770; x_wconf 87' lang='lat' dir='ltr'><strong>lingua</strong></span> <span class='ocrx_word' id='word_1_108' title='bbox 498 1691 582 1755; x_wconf 87' lang='lat' dir='ltr'><strong>Osca</strong></span> <span class='ocrx_word' id='word_1_109' title='bbox 607 1693 825 1753; x_wconf 86' lang='lat' dir='ltr'><strong>nominativum</strong></span> <span class='ocrx_word' id='word_1_110' title='bbox 849 1687 975 1772; x_wconf 64' lang='grc' dir='ltr'><strong>ΣαλαῘς</strong></span> <span class='ocrx_word' id='word_1_111' title='bbox 1001 1711 1093 1752; x_wconf 90' lang='lat' dir='ltr'><strong>seusu</strong></span> <span class='ocrx_word' id='word_1_112' title='bbox 1115 1694 1245 1754; x_wconf 85' lang='lat' dir='ltr'><strong>vocativi</strong></span> <span class='ocrx_word' id='word_1_113' title='bbox 1274 1695 1386 1754; x_wconf 90' lang='lat' dir='ltr'><strong>dictum</strong></span> <span class='ocrx_word' id='word_1_114' title='bbox 1412 1712 1481 1754; x_wconf 89' lang='lat' dir='ltr'><strong>esse</strong></span> <span class='ocrx_word' id='word_1_115' title='bbox 1510 1714 1571 1755; x_wconf 90' lang='lat' dir='ltr'><strong>non</strong></span> 
     </span>
     <span class='ocr_line' id='line_1_12' title="bbox 228 1793 1572 1876; baseline 0 -20"><span class='ocrx_word' id='word_1_116' title='bbox 228 1795 336 1856; x_wconf 85' lang='lat' dir='ltr'><strong>mirum</strong></span> <span class='ocrx_word' id='word_1_117' title='bbox 359 1805 419 1863; x_wconf 85' lang='lat' dir='ltr'><strong>cst,</strong></span> <span class='ocrx_word' id='word_1_118' title='bbox 440 1795 583 1870; x_wconf 83' lang='lat' dir='ltr'><strong>quoniam</strong></span> <span class='ocrx_word' id='word_1_119' title='bbox 605 1795 694 1854; x_wconf 89' lang='lat' dir='ltr'><strong>etiam</strong></span> <span class='ocrx_word' id='word_1_120' title='bbox 710 1795 812 1856; x_wconf 87' lang='lat' dir='ltr'><strong>Latini</strong></span> <span class='ocrx_word' id='word_1_121' title='bbox 834 1793 1022 1856; x_wconf 83' lang='lat' dir='ltr'><strong>nominativo</strong></span> <span class='ocrx_word' id='word_1_122' title='bbox 1041 1795 1192 1856; x_wconf 86' lang='lat' dir='ltr'><strong>secundae</strong></span> <span class='ocrx_word' id='word_1_123' title='bbox 1213 1797 1425 1857; x_wconf 77' lang='lat' dir='ltr'><strong>declinationis</strong></span> <span class='ocrx_word' id='word_1_124' title='bbox 1448 1817 1503 1876; x_wconf 88' lang='lat' dir='ltr'><strong>pro</strong></span> <span class='ocrx_word' id='word_1_125' title='bbox 1520 1816 1572 1856; x_wconf 88' lang='lat' dir='ltr'><strong>vo-</strong></span> 
     </span>
     <span class='ocr_line' id='line_1_13' title="bbox 228 1897 1571 1976; baseline 0.001 -18"><span class='ocrx_word' id='word_1_126' title='bbox 228 1897 329 1958; x_wconf 74' lang='lat' dir='ltr'><strong>cativo</strong></span> <span class='ocrx_word' id='word_1_127' title='bbox 351 1907 486 1970; x_wconf 87' lang='lat' dir='ltr'><strong>utuntur,</strong></span> <span class='ocrx_word' id='word_1_128' title='bbox 510 1907 543 1958; x_wconf 93' lang='lat' dir='ltr'><strong>ut</strong></span> <span class='ocrx_word' id='word_1_129' title='bbox 563 1898 670 1959; x_wconf 76' lang='lat' dir='ltr'><strong>Livius</strong></span> <span class='ocrx_word' id='word_1_130' title='bbox 694 1897 720 1970; x_wconf 89' lang='lat' dir='ltr'><strong>I,</strong></span> <span class='ocrx_word' id='word_1_131' title='bbox 741 1899 798 1959; x_wconf 74' lang='lat' dir='ltr'><strong>tt:</strong></span> <span class='ocrx_word' id='word_1_132' title='bbox 821 1897 899 1958; x_wconf 81' lang='lat' dir='ltr'><strong>sudi</strong></span> <span class='ocrx_word' id='word_1_133' title='bbox 921 1906 954 1956; x_wconf 89' lang='lat' dir='ltr'><strong>tu</strong></span> <span class='ocrx_word' id='word_1_134' title='bbox 973 1898 1100 1976; x_wconf 80' lang='lat' dir='ltr'><strong>populus</strong></span> <span class='ocrx_word' id='word_1_135' title='bbox 1115 1899 1258 1972; x_wconf 78' lang='lat' dir='ltr'><strong>Albanus,</strong></span> <span class='ocrx_word' id='word_1_136' title='bbox 1280 1899 1457 1976; x_wconf 85' lang='lat' dir='ltr'><strong>Propertius</strong></span> <span class='ocrx_word' id='word_1_137' title='bbox 1482 1901 1525 1975; x_wconf 88' lang='lat' dir='ltr'><strong>II,</strong></span> <span class='ocrx_word' id='word_1_138' title='bbox 1540 1901 1571 1971; x_wconf 84' lang='lat'><strong>6,</strong></span> 
     </span>
     <span class='ocr_line' id='line_1_14' title="bbox 229 1998 1570 2080; baseline 0.004 -22"><span class='ocrx_word' id='word_1_139' title='bbox 229 2000 286 2060; x_wconf 83' lang='lat'><strong>19.-</strong></span> <span class='ocrx_word' id='word_1_140' title='bbox 323 1999 372 2060; x_wconf 85' lang='lat' dir='ltr'><strong>Tu</strong></span> <span class='ocrx_word' id='word_1_141' title='bbox 397 1998 531 2062; x_wconf 87' lang='lat' dir='ltr'><strong>criminis</strong></span> <span class='ocrx_word' id='word_1_142' title='bbox 552 2011 667 2072; x_wconf 84' lang='lat' dir='ltr'><strong>auctor,</strong></span> <span class='ocrx_word' id='word_1_143' title='bbox 690 1999 927 2073; x_wconf 69' lang='lat' dir='ltr'><strong>Nutriendus,</strong></span> <span class='ocrx_word' id='word_1_144' title='bbox 949 1999 1089 2074; x_wconf 86' lang='lat' dir='ltr'><strong>Romule,</strong></span> <span class='ocrx_word' id='word_1_145' title='bbox 1112 2000 1190 2060; x_wconf 86' lang='lat' dir='ltr'><strong>laute</strong></span> <span class='ocrx_word' id='word_1_146' title='bbox 1212 2001 1311 2080; x_wconf 90' lang='lat' dir='ltr'><strong>lupae,</strong></span> <span class='ocrx_word' id='word_1_147' title='bbox 1334 2001 1475 2076; x_wconf 76' lang='lat' dir='ltr'><strong>Ovidius,</strong></span> <span class='ocrx_word' id='word_1_148' title='bbox 1495 2003 1570 2063; x_wconf 85' lang='lat' dir='ltr'><strong>Har.</strong></span> 
     </span>
     <span class='ocr_line' id='line_1_15' title="bbox 229 2100 1570 2181; baseline 0.001 -19"><span class='ocrx_word' id='word_1_149' title='bbox 229 2103 277 2176; x_wconf 72' lang='lat'><strong>14,</strong></span> <span class='ocrx_word' id='word_1_150' title='bbox 295 2105 314 2162; x_wconf 85' lang='lat'><em>7</em></span> <span class='ocrx_word' id='word_1_151' title='bbox 320 2124 330 2161; x_wconf 92' lang='lat'><strong>.·</strong></span> <span class='ocrx_word' id='word_1_152' title='bbox 357 2100 456 2181; x_wconf 80' lang='lat' dir='ltr'><strong>Surge</strong></span> <span class='ocrx_word' id='word_1_153' title='bbox 478 2121 534 2181; x_wconf 88' lang='lat' dir='ltr'><strong>age</strong></span> <span class='ocrx_word' id='word_1_154' title='bbox 557 2101 663 2164; x_wconf 86' lang='lat' dir='ltr'><strong>Belide</strong></span> <span class='ocrx_word' id='word_1_155' title='bbox 685 2103 723 2162; x_wconf 90' lang='lat' dir='ltr'><strong>do</strong></span> <span class='ocrx_word' id='word_1_156' title='bbox 746 2111 791 2164; x_wconf 87' lang='lat' dir='ltr'><strong>tot</strong></span> <span class='ocrx_word' id='word_1_157' title='bbox 811 2103 901 2162; x_wconf 91' lang='lat' dir='ltr'><strong>modo</strong></span> <span class='ocrx_word' id='word_1_158' title='bbox 923 2103 1066 2164; x_wconf 83' lang='lat' dir='ltr'><strong>iratribus</strong></span> <span class='ocrx_word' id='word_1_159' title='bbox 1089 2123 1178 2176; x_wconf 82' lang='lat' dir='ltr'><strong>unus,</strong></span> <span class='ocrx_word' id='word_1_160' title='bbox 1201 2112 1230 2163; x_wconf 89' lang='lat' dir='ltr'><strong>et</strong></span> <span class='ocrx_word' id='word_1_161' title='bbox 1251 2105 1321 2164; x_wconf 78' lang='lat' dir='ltr'><strong>deus</strong></span> <span class='ocrx_word' id='word_1_162' title='bbox 1343 2113 1391 2164; x_wconf 89' lang='lat' dir='ltr'><strong>est</strong></span> <span class='ocrx_word' id='word_1_163' title='bbox 1412 2105 1570 2168; x_wconf 82' lang='lat' dir='ltr'><strong>vocativus</strong></span> 
     </span>
     <span class='ocr_line' id='line_1_16' title="bbox 228 2195 1570 2286; baseline 0.001 -22"><span class='ocrx_word' id='word_1_164' title='bbox 228 2215 262 2264; x_wconf 91' lang='lat' dir='ltr'><strong>nt</strong></span> <span class='ocrx_word' id='word_1_165' title='bbox 282 2203 365 2284; x_wconf 82' lang='lat' dir='ltr'><strong>apud</strong></span> <span class='ocrx_word' id='word_1_166' title='bbox 386 2203 526 2266; x_wconf 87' lang='lat' dir='ltr'><strong>Graecos</strong></span> <span class='ocrx_word' id='word_1_167' title='bbox 547 2195 622 2269; x_wconf 66' lang='lat' dir='ltr'><strong>&amp;rio</strong></span> <span class='ocrx_word' id='word_1_168' title='bbox 644 2212 675 2266; x_wconf 89' lang='lat' dir='ltr'><strong>et</strong></span> <span class='ocrx_word' id='word_1_169' title='bbox 696 2198 780 2284; x_wconf 65' lang='grc' dir='ltr'>φιλας</span> <span class='ocrx_word' id='word_1_170' title='bbox 802 2201 945 2282; x_wconf 80' lang='lat' dir='ltr'><strong>(Kriloer,</strong></span> <span class='ocrx_word' id='word_1_171' title='bbox 968 2205 1055 2282; x_wconf 70' lang='lat' dir='ltr'><strong>Auis.</strong></span> <span class='ocrx_word' id='word_1_172' title='bbox 1072 2207 1172 2266; x_wconf 71' lang='lat' dir='ltr'><strong>(iram.</strong></span> <span class='ocrx_word' id='word_1_173' title='bbox 1193 2208 1221 2266; x_wconf 75' lang='lat' dir='ltr'><strong>d</strong></span> <span class='ocrx_word' id='word_1_174' title='bbox 1238 2205 1352 2266; x_wconf 78' lang='lat' dir='ltr'><strong>(ivieclr.</strong></span> <span class='ocrx_word' id='word_1_175' title='bbox 1367 2207 1436 2286; x_wconf 76' lang='lat' dir='ltr'><strong>Spr.</strong></span> <span class='ocrx_word' id='word_1_176' title='bbox 1453 2204 1481 2278; x_wconf 87' lang='lat' dir='ltr'><strong>I,</strong></span> <span class='ocrx_word' id='word_1_177' title='bbox 1502 2207 1570 2282; x_wconf 85' lang='grc'><em>312,</em></span> 
     </span>
     <span class='ocr_line' id='line_1_17' title="bbox 228 2306 489 2383; baseline -0.011 -15"><span class='ocrx_word' id='word_1_178' title='bbox 228 2309 315 2368; x_wconf 79' lang='lat' dir='ltr'><strong>Aura.</strong></span> <span class='ocrx_word' id='word_1_179' title='bbox 330 2307 360 2382; x_wconf 88' lang='grc'><strong>2,</strong></span> <span class='ocrx_word' id='word_1_180' title='bbox 382 2308 429 2368; x_wconf 81' lang='lat' dir='ltr'><strong>sd.</strong></span> <span class='ocrx_word' id='word_1_181' title='bbox 444 2306 489 2383; x_wconf 93' lang='grc'><strong>2).</strong></span> 
     </span>
    </p>

    <p class='ocr_par' dir='ltr' id='par_1_4' title="bbox 225 2408 1570 2904">
     <span class='ocr_line' id='line_1_18' title="bbox 310 2408 1570 2492; baseline 0.002 -22"><span class='ocrx_word' id='word_1_182' title='bbox 310 2408 460 2488; x_wconf 77' lang='lat' dir='ltr'><strong>Linguam</strong></span> <span class='ocrx_word' id='word_1_183' title='bbox 481 2408 595 2471; x_wconf 80' lang='lat' dir='ltr'><strong>Ossam</strong></span> <span class='ocrx_word' id='word_1_184' title='bbox 617 2429 677 2472; x_wconf 91' lang='lat' dir='ltr'><strong>non</strong></span> <span class='ocrx_word' id='word_1_185' title='bbox 699 2429 803 2473; x_wconf 86' lang='lat' dir='ltr'><strong>carcre</strong></span> <span class='ocrx_word' id='word_1_186' title='bbox 825 2432 861 2473; x_wconf 91' lang='lat' dir='ltr'><strong>ea</strong></span> <span class='ocrx_word' id='word_1_187' title='bbox 882 2413 1043 2474; x_wconf 85' lang='lat' dir='ltr'><strong>verborum</strong></span> <span class='ocrx_word' id='word_1_188' title='bbox 1065 2414 1286 2492; x_wconf 89' lang='lat' dir='ltr'><strong>coniugatione,</strong></span> <span class='ocrx_word' id='word_1_189' title='bbox 1308 2431 1398 2492; x_wconf 86' lang='lat' dir='ltr'><strong>quam</strong></span> <span class='ocrx_word' id='word_1_190' title='bbox 1420 2429 1570 2492; x_wconf 62' lang='lat' dir='ltr'><strong>grumum</strong></span> 
     </span>
     <span class='ocr_line' id='line_1_19' title="bbox 225 2509 1570 2600; baseline 0.004 -29"><span class='ocrx_word' id='word_1_191' title='bbox 225 2511 277 2572; x_wconf 85' lang='lat' dir='ltr'><strong>tici</strong></span> <span class='ocrx_word' id='word_1_192' title='bbox 298 2509 399 2572; x_wconf 86' lang='lat' dir='ltr'><strong>Latini</strong></span> <span class='ocrx_word' id='word_1_193' title='bbox 422 2515 584 2600; x_wconf 87' lang='lat' dir='ltr'><strong>secundam</strong></span> <span class='ocrx_word' id='word_1_194' title='bbox 612 2525 780 2592; x_wconf 86' lang='lat' dir='ltr'><strong>posuerunt</strong></span> <span class='ocrx_word' id='word_1_195' title='bbox 805 2515 905 2576; x_wconf 85' lang='lat' dir='ltr'><strong>vocali</strong></span> <span class='ocrx_word' id='word_1_196' title='bbox 925 2521 942 2575; x_wconf 75' lang='grc' dir='ltr'>ὁ</span> <span class='ocrx_word' id='word_1_197' title='bbox 964 2516 1057 2594; x_wconf 83' lang='lat' dir='ltr'><strong>longa</strong></span> <span class='ocrx_word' id='word_1_198' title='bbox 1078 2517 1201 2594; x_wconf 84' lang='lat' dir='ltr'><strong>stirpem</strong></span> <span class='ocrx_word' id='word_1_199' title='bbox 1226 2513 1384 2575; x_wconf 87' lang='lat' dir='ltr'><strong>verborum</strong></span> <span class='ocrx_word' id='word_1_200' title='bbox 1412 2515 1570 2576; x_wconf 88' lang='lat' dir='ltr'><strong>claudente</strong></span> 
     </span>
     <span class='ocr_line' id='line_1_20' title="bbox 226 2615 1568 2695; baseline 0.004 -22"><span class='ocrx_word' id='word_1_201' title='bbox 226 2615 390 2692; x_wconf 76' lang='lat' dir='ltr'><strong>insignem,</strong></span> <span class='ocrx_word' id='word_1_202' title='bbox 417 2617 509 2676; x_wconf 86' lang='lat' dir='ltr'><strong>certis</strong></span> <span class='ocrx_word' id='word_1_203' title='bbox 537 2618 724 2694; x_wconf 79' lang='lat' dir='ltr'><strong>argumentis</strong></span> <span class='ocrx_word' id='word_1_204' title='bbox 752 2618 957 2678; x_wconf 84' lang='lat' dir='ltr'><strong>demonstravi</strong></span> <span class='ocrx_word' id='word_1_205' title='bbox 984 2617 1126 2695; x_wconf 77' lang='lat' dir='ltr'><strong>(Ausspr.</strong></span> <span class='ocrx_word' id='word_1_206' title='bbox 1142 2618 1187 2688; x_wconf 91' lang='lat' dir='ltr'><strong>II,</strong></span> <span class='ocrx_word' id='word_1_207' title='bbox 1208 2618 1272 2678; x_wconf 78' lang='lat'><strong>732</strong></span> <span class='ocrx_word' id='word_1_208' title='bbox 1292 2639 1346 2695; x_wconf 79' lang='lat' dir='ltr'><strong>sq,</strong></span> <span class='ocrx_word' id='word_1_209' title='bbox 1368 2619 1411 2676; x_wconf 85' lang='lat' dir='ltr'><strong>ed.</strong></span> <span class='ocrx_word' id='word_1_210' title='bbox 1431 2619 1475 2694; x_wconf 90' lang='lat'><strong>2).</strong></span> <span class='ocrx_word' id='word_1_211' title='bbox 1518 2617 1568 2678; x_wconf 79' lang='lat' dir='ltr'><strong>Ad</strong></span> 
     </span>
     <span class='ocr_line' id='line_1_21' title="bbox 226 2717 1567 2800; baseline 0.004 -24"><span class='ocrx_word' id='word_1_212' title='bbox 226 2717 308 2778; x_wconf 89' lang='lat' dir='ltr'><strong>illam</strong></span> <span class='ocrx_word' id='word_1_213' title='bbox 337 2737 432 2778; x_wconf 90' lang='lat' dir='ltr'><strong>meam</strong></span> <span class='ocrx_word' id='word_1_214' title='bbox 462 2721 753 2799; x_wconf 84' lang='lat' dir='ltr'><strong>argumentationem</strong></span> <span class='ocrx_word' id='word_1_215' title='bbox 785 2739 865 2782; x_wconf 90' lang='lat' dir='ltr'><strong>nuuc</strong></span> <span class='ocrx_word' id='word_1_216' title='bbox 892 2723 977 2780; x_wconf 87' lang='lat' dir='ltr'><strong>velut</strong></span> <span class='ocrx_word' id='word_1_217' title='bbox 1000 2721 1138 2782; x_wconf 89' lang='lat' dir='ltr'><strong>cumulus</strong></span> <span class='ocrx_word' id='word_1_218' title='bbox 1171 2720 1286 2780; x_wconf 82' lang='lat' dir='ltr'><strong>accedit</strong></span> <span class='ocrx_word' id='word_1_219' title='bbox 1313 2721 1413 2780; x_wconf 87' lang='lat' dir='ltr'><strong>Oscus</strong></span> <span class='ocrx_word' id='word_1_220' title='bbox 1440 2721 1567 2800; x_wconf 87' lang='lat' dir='ltr'><strong>impera·</strong></span> 
     </span>
     <span class='ocr_line' id='line_1_22' title="bbox 226 2816 1567 2904; baseline 0.004 -26"><span class='ocrx_word' id='word_1_221' title='bbox 226 2820 305 2879; x_wconf 86' lang='lat' dir='ltr'><strong>tirus</strong></span> <span class='ocrx_word' id='word_1_222' title='bbox 323 2816 402 2900; x_wconf 63' lang='lat' dir='ltr'><strong>fals</strong></span> <span class='ocrx_word' id='word_1_223' title='bbox 420 2847 457 2873; x_wconf 64' lang='grc' dir='ltr'><strong>ε</strong></span> <span class='ocrx_word' id='word_1_224' title='bbox 475 2820 541 2880; x_wconf 75' lang='lat' dir='ltr'><strong>oola</strong></span> <span class='ocrx_word' id='word_1_225' title='bbox 562 2841 631 2882; x_wconf 90' lang='lat' dir='ltr'><strong>cum</strong></span> <span class='ocrx_word' id='word_1_226' title='bbox 645 2821 757 2882; x_wconf 87' lang='lat' dir='ltr'><strong>Latino</strong></span> <span class='ocrx_word' id='word_1_227' title='bbox 773 2823 925 2884; x_wconf 85' lang='lat' dir='ltr'><strong>secundae</strong></span> <span class='ocrx_word' id='word_1_228' title='bbox 941 2825 1164 2904; x_wconf 84' lang='lat' dir='ltr'><strong>coniugationis</strong></span> <span class='ocrx_word' id='word_1_229' title='bbox 1185 2823 1252 2880; x_wconf 78' lang='lat' dir='ltr'><strong>uuis</strong></span> <span class='ocrx_word' id='word_1_230' title='bbox 1274 2824 1364 2902; x_wconf 87' lang='lat' dir='ltr'><strong>plane</strong></span> <span class='ocrx_word' id='word_1_231' title='bbox 1386 2841 1567 2900; x_wconf 80' lang='lat' dir='ltr'><strong>congruens.</strong></span> 
     </span>
    </p>

    <p class='ocr_par' dir='ltr' id='par_1_5' title="bbox 226 2922 1564 3106">
     <span class='ocr_line' id='line_1_23' title="bbox 309 2922 1564 3002; baseline 0.002 -21"><span class='ocrx_word' id='word_1_232' title='bbox 309 2922 417 3000; x_wconf 85' lang='lat' dir='ltr'><strong>ltaque</strong></span> <span class='ocrx_word' id='word_1_233' title='bbox 445 2924 565 2984; x_wconf 91' lang='lat' dir='ltr'><strong>titulum</strong></span> <span class='ocrx_word' id='word_1_234' title='bbox 593 2923 796 3002; x_wconf 86' lang='lat' dir='ltr'><strong>sepulcralem</strong></span> <span class='ocrx_word' id='word_1_235' title='bbox 818 2925 1005 2986; x_wconf 87' lang='lat' dir='ltr'><strong>Dianensem</strong></span> <span class='ocrx_word' id='word_1_236' title='bbox 1031 2926 1269 2986; x_wconf 88' lang='lat' dir='ltr'><strong>demonstratum</strong></span> <span class='ocrx_word' id='word_1_237' title='bbox 1291 2926 1410 2985; x_wconf 90' lang='lat' dir='ltr'><strong>videtur</strong></span> <span class='ocrx_word' id='word_1_238' title='bbox 1431 2925 1509 2984; x_wconf 92' lang='lat' dir='ltr'><strong>hunc</strong></span> <span class='ocrx_word' id='word_1_239' title='bbox 1533 2925 1564 2984; x_wconf 90' lang='lat' dir='ltr'><strong>iu</strong></span> 
     </span>
     <span class='ocr_line' id='line_1_24' title="bbox 226 3025 1213 3106; baseline 0.005 -24"><span class='ocrx_word' id='word_1_240' title='bbox 226 3028 346 3085; x_wconf 88' lang='lat' dir='ltr'><strong>modum</strong></span> <span class='ocrx_word' id='word_1_241' title='bbox 367 3025 568 3106; x_wconf 89' lang='lat' dir='ltr'><strong>supplendum</strong></span> <span class='ocrx_word' id='word_1_242' title='bbox 590 3037 621 3086; x_wconf 87' lang='lat' dir='ltr'><strong>et</strong></span> <span class='ocrx_word' id='word_1_243' title='bbox 642 3026 761 3089; x_wconf 85' lang='lat' dir='ltr'><strong>Latinis</strong></span> <span class='ocrx_word' id='word_1_244' title='bbox 785 3028 884 3090; x_wconf 83' lang='lat' dir='ltr'><strong>verbis</strong></span> <span class='ocrx_word' id='word_1_245' title='bbox 907 3029 1107 3090; x_wconf 87' lang='lat' dir='ltr'><strong>enarrandum</strong></span> <span class='ocrx_word' id='word_1_246' title='bbox 1129 3045 1213 3088; x_wconf 89' lang='lat' dir='ltr'><strong>esse:</strong></span> 
     </span>
    </p>
   </div>
   <div class='ocr_carea' id='block_1_3' title="bbox 614 3211 1174 3500">
    <p class='ocr_par' dir='ltr' id='par_1_6' title="bbox 614 3211 1174 3500">
     <span class='ocr_line' id='line_1_25' title="bbox 722 3211 1059 3296; baseline 0.015 -25"><span class='ocrx_word' id='word_1_247' title='bbox 722 3221 760 3274; x_wconf 77' lang='lat' dir='ltr'><strong>A.</strong></span> <span class='ocrx_word' id='word_1_248' title='bbox 781 3221 907 3278; x_wconf 73' lang='grc' dir='ltr'><strong>Λαπενις</strong></span> <span class='ocrx_word' id='word_1_249' title='bbox 929 3211 1059 3296; x_wconf 60' lang='lat' dir='ltr'><strong>Iluufsss</strong></span> 
     </span>
     <span class='ocr_line' id='line_1_26' title="bbox 614 3311 1174 3396; baseline 0.009 -23"><span class='ocrx_word' id='word_1_250' title='bbox 614 3320 702 3379; x_wconf 79' lang='lat' dir='ltr'><strong>Omar</strong></span> <span class='ocrx_word' id='word_1_251' title='bbox 724 3339 777 3376; x_wconf 71' lang='lat' dir='ltr'><strong>acu</strong></span> <span class='ocrx_word' id='word_1_252' title='bbox 800 3315 896 3394; x_wconf 56' lang='lat' dir='ltr'><strong>mdc)</strong></span> <span class='ocrx_word' id='word_1_253' title='bbox 919 3339 965 3374; x_wconf 78' lang='lat' dir='ltr'><strong>suc</strong></span> <span class='ocrx_word' id='word_1_254' title='bbox 989 3311 1112 3396; x_wconf 78' lang='lat' dir='ltr'><strong>(dedet).</strong></span> <span class='ocrx_word' id='word_1_255' title='bbox 1135 3349 1174 3362; x_wconf 94' lang='lat'><strong>·-</strong></span> 
     </span>
     <span class='ocr_line' id='line_1_27' title="bbox 780 3414 1009 3500; baseline 0.017 -24"><span class='ocrx_word' id='word_1_256' title='bbox 780 3415 905 3500; x_wconf 52' lang='lat' dir='ltr'><strong>tacete</strong></span> <span class='ocrx_word' id='word_1_257' title='bbox 920 3414 1009 3499; x_wconf 68' lang='lat' dir='ltr'><strong>fem.</strong></span> 
     </span>
    </p>
   </div>
   <div class='ocr_carea' id='block_1_4' title="bbox 565 3585 1219 3872">
    <p class='ocr_par' dir='ltr' id='par_1_7' title="bbox 565 3585 1219 3872">
     <span class='ocr_line' id='line_1_28' title="bbox 627 3585 1155 3666; baseline 0.006 -20"><span class='ocrx_word' id='word_1_258' title='bbox 627 3587 723 3648; x_wconf 80' lang='lat' dir='ltr'><strong>Aulus</strong></span> <span class='ocrx_word' id='word_1_259' title='bbox 743 3585 932 3666; x_wconf 88' lang='lat' dir='ltr'><strong>Lamponius</strong></span> <span class='ocrx_word' id='word_1_260' title='bbox 952 3586 1052 3666; x_wconf 82' lang='lat' dir='ltr'><strong>Paqui</strong></span> <span class='ocrx_word' id='word_1_261' title='bbox 1073 3589 1155 3652; x_wconf 79' lang='lat' dir='ltr'><strong>filias</strong></span> 
     </span>
     <span class='ocr_line' id='line_1_29' title="bbox 565 3689 1219 3770; baseline 0 -19"><span class='ocrx_word' id='word_1_262' title='bbox 565 3689 686 3770; x_wconf 90' lang='lat' dir='ltr'><strong>Oppius</strong></span> <span class='ocrx_word' id='word_1_263' title='bbox 708 3691 791 3770; x_wconf 89' lang='lat' dir='ltr'><strong>pium</strong></span> <span class='ocrx_word' id='word_1_264' title='bbox 814 3707 933 3751; x_wconf 87' lang='lat' dir='ltr'><strong>sacrum</strong></span> <span class='ocrx_word' id='word_1_265' title='bbox 956 3694 1013 3752; x_wconf 85' lang='lat' dir='ltr'><strong>hoc</strong></span> <span class='ocrx_word' id='word_1_266' title='bbox 1035 3691 1156 3770; x_wconf 89' lang='lat' dir='ltr'><strong>(dedit).</strong></span> <span class='ocrx_word' id='word_1_267' title='bbox 1180 3724 1219 3738; x_wconf 89' lang='lat'>-</span> 
     </span>
     <span class='ocr_line' id='line_1_30' title="bbox 711 3791 1074 3872; baseline -0.006 -16"><span class='ocrx_word' id='word_1_268' title='bbox 711 3791 834 3856; x_wconf 86' lang='lat' dir='ltr'><strong>Salvius</strong></span> <span class='ocrx_word' id='word_1_269' title='bbox 856 3791 973 3872; x_wconf 71' lang='lat' dir='ltr'><strong>(salvi)</strong></span> <span class='ocrx_word' id='word_1_270' title='bbox 994 3795 1074 3856; x_wconf 87' lang='lat' dir='ltr'><strong>vals.</strong></span> 
     </span>
    </p>
   </div>
   <div class='ocr_carea' id='block_1_5' title="bbox 219 3979 1562 4779">
    <p class='ocr_par' dir='ltr' id='par_1_8' title="bbox 219 3979 1562 4779">
     <span class='ocr_line' id='line_1_31' title="bbox 305 3979 1562 4060; baseline 0 -18"><span class='ocrx_word' id='word_1_271' title='bbox 305 3979 407 4059; x_wconf 87' lang='lat' dir='ltr'><strong>Supra</strong></span> <span class='ocrx_word' id='word_1_272' title='bbox 427 3979 550 4058; x_wconf 87' lang='lat' dir='ltr'><strong>planum</strong></span> <span class='ocrx_word' id='word_1_273' title='bbox 572 3979 641 4052; x_wconf 87' lang='lat' dir='ltr'><strong>ieci,</strong></span> <span class='ocrx_word' id='word_1_274' title='bbox 663 3980 741 4041; x_wconf 86' lang='lat' dir='ltr'><strong>hanc</strong></span> <span class='ocrx_word' id='word_1_275' title='bbox 761 3981 990 4060; x_wconf 86' lang='lat' dir='ltr'><strong>inscriptionem</strong></span> <span class='ocrx_word' id='word_1_276' title='bbox 1012 3982 1184 4042; x_wconf 85' lang='lat' dir='ltr'><strong>consentire</strong></span> <span class='ocrx_word' id='word_1_277' title='bbox 1204 4000 1271 4042; x_wconf 86' lang='lat' dir='ltr'><strong>eum</strong></span> <span class='ocrx_word' id='word_1_278' title='bbox 1294 3981 1382 4044; x_wconf 90' lang='lat' dir='ltr'><strong>titulo</strong></span> <span class='ocrx_word' id='word_1_279' title='bbox 1405 3981 1562 4042; x_wconf 87' lang='lat' dir='ltr'><strong>Mamerti·</strong></span> 
     </span>
     <span class='ocr_line' id='line_1_32' title="bbox 221 4081 1562 4164; baseline 0.002 -23"><span class='ocrx_word' id='word_1_280' title='bbox 221 4101 327 4142; x_wconf 90' lang='lat' dir='ltr'><strong>norum</strong></span> <span class='ocrx_word' id='word_1_281' title='bbox 350 4083 532 4144; x_wconf 78' lang='lat' dir='ltr'><strong>Messinensi</strong></span> <span class='ocrx_word' id='word_1_282' title='bbox 552 4081 679 4144; x_wconf 85' lang='lat' dir='ltr'><strong>Graecis</strong></span> <span class='ocrx_word' id='word_1_283' title='bbox 700 4084 810 4144; x_wconf 86' lang='lat' dir='ltr'><strong>litteris</strong></span> <span class='ocrx_word' id='word_1_284' title='bbox 832 4091 980 4164; x_wconf 90' lang='lat' dir='ltr'><strong>concepto</strong></span> <span class='ocrx_word' id='word_1_285' title='bbox 1002 4093 1032 4144; x_wconf 86' lang='lat' dir='ltr'><strong>et</strong></span> <span class='ocrx_word' id='word_1_286' title='bbox 1053 4102 1111 4146; x_wconf 87' lang='lat' dir='ltr'><strong>usu</strong></span> <span class='ocrx_word' id='word_1_287' title='bbox 1132 4083 1303 4145; x_wconf 85' lang='lat' dir='ltr'><strong>litterarum</strong></span> <span class='ocrx_word' id='word_1_288' title='bbox 1327 4108 1345 4156; x_wconf 79' lang='lat' dir='ltr'><strong>t</strong></span> <span class='ocrx_word' id='word_1_289' title='bbox 1365 4093 1396 4144; x_wconf 88' lang='lat' dir='ltr'><strong>et</strong></span> <span class='ocrx_word' id='word_1_290' title='bbox 1417 4109 1438 4143; x_wconf 84' lang='lat' dir='ltr'><strong>u</strong></span> <span class='ocrx_word' id='word_1_291' title='bbox 1462 4085 1562 4144; x_wconf 90' lang='lat' dir='ltr'><strong>minus</strong></span> 
     </span>
     <span class='ocr_line' id='line_1_33' title="bbox 220 4184 1561 4266; baseline 0.004 -23"><span class='ocrx_word' id='word_1_292' title='bbox 220 4193 355 4244; x_wconf 83' lang='lat' dir='ltr'><strong>correcto</strong></span> <span class='ocrx_word' id='word_1_293' title='bbox 384 4194 416 4246; x_wconf 90' lang='lat' dir='ltr'><strong>et</strong></span> <span class='ocrx_word' id='word_1_294' title='bbox 445 4184 571 4264; x_wconf 82' lang='lat' dir='ltr'><strong>syllabis</strong></span> <span class='ocrx_word' id='word_1_295' title='bbox 603 4185 743 4248; x_wconf 85' lang='lat' dir='ltr'><strong>tinalibus</strong></span> <span class='ocrx_word' id='word_1_296' title='bbox 777 4187 1031 4248; x_wconf 84' lang='lat' dir='ltr'><strong>nominativorum</strong></span> <span class='ocrx_word' id='word_1_297' title='bbox 1064 4187 1140 4266; x_wconf 89' lang='lat' dir='ltr'><strong>sing.</strong></span> <span class='ocrx_word' id='word_1_298' title='bbox 1158 4210 1216 4249; x_wconf 76' lang='lat' dir='ltr'><strong>-aec</strong></span> <span class='ocrx_word' id='word_1_299' title='bbox 1236 4196 1335 4256; x_wconf 78' lang='lat' dir='ltr'><strong>et-rc,</strong></span> <span class='ocrx_word' id='word_1_300' title='bbox 1357 4186 1561 4264; x_wconf 87' lang='lat' dir='ltr'><strong>genitivorum</strong></span> 
     </span>
     <span class='ocr_line' id='line_1_34' title="bbox 220 4285 1560 4368; baseline 0.001 -22"><span class='ocrx_word' id='word_1_301' title='bbox 220 4289 296 4366; x_wconf 86' lang='lat' dir='ltr'><strong>sing.</strong></span> <span class='ocrx_word' id='word_1_302' title='bbox 331 4310 407 4360; x_wconf 76' lang='grc' dir='ltr'><em>-ηις,</em></span> <span class='ocrx_word' id='word_1_303' title='bbox 443 4290 683 4351; x_wconf 88' lang='lat' dir='ltr'><strong>accusativorum</strong></span> <span class='ocrx_word' id='word_1_304' title='bbox 721 4289 798 4367; x_wconf 87' lang='lat' dir='ltr'><strong>sing.</strong></span> <span class='ocrx_word' id='word_1_305' title='bbox 822 4313 854 4348; x_wconf 77' lang='lat' dir='ltr'><strong>-o</strong></span> <span class='ocrx_word' id='word_1_306' title='bbox 876 4285 950 4367; x_wconf 83' lang='grc' dir='ltr'>(-ω)</span> <span class='ocrx_word' id='word_1_307' title='bbox 984 4307 1039 4368; x_wconf 86' lang='lat' dir='ltr'><strong>pro</strong></span> <span class='ocrx_word' id='word_1_308' title='bbox 1070 4308 1145 4349; x_wconf 73' lang='lat' dir='ltr'><strong>-oru</strong></span> <span class='ocrx_word' id='word_1_309' title='bbox 1203 4288 1300 4364; x_wconf 81' lang='lat' dir='ltr'><strong>Quem</strong></span> <span class='ocrx_word' id='word_1_310' title='bbox 1336 4289 1455 4348; x_wconf 88' lang='lat' dir='ltr'><strong>titulum</strong></span> <span class='ocrx_word' id='word_1_311' title='bbox 1492 4307 1560 4348; x_wconf 87' lang='lat' dir='ltr'><strong>curu</strong></span> 
     </span>
     <span class='ocr_line' id='line_1_35' title="bbox 220 4387 1560 4471; baseline -0.001 -20"><span class='ocrx_word' id='word_1_312' title='bbox 220 4389 388 4464; x_wconf 82' lang='lat' dir='ltr'><strong>Mommsen</strong></span> <span class='ocrx_word' id='word_1_313' title='bbox 411 4409 469 4450; x_wconf 93' lang='lat' dir='ltr'><strong>non</strong></span> <span class='ocrx_word' id='word_1_314' title='bbox 492 4391 586 4450; x_wconf 88' lang='lat' dir='ltr'><strong>multo</strong></span> <span class='ocrx_word' id='word_1_315' title='bbox 608 4401 679 4468; x_wconf 92' lang='lat' dir='ltr'><strong>post</strong></span> <span class='ocrx_word' id='word_1_316' title='bbox 693 4389 874 4469; x_wconf 79' lang='lat' dir='ltr'><strong>Agathoclis</strong></span> <span class='ocrx_word' id='word_1_317' title='bbox 897 4401 1021 4453; x_wconf 89' lang='lat' dir='ltr'><strong>mortem</strong></span> <span class='ocrx_word' id='word_1_318' title='bbox 1044 4403 1178 4471; x_wconf 88' lang='lat' dir='ltr'><strong>tempore</strong></span> <span class='ocrx_word' id='word_1_319' title='bbox 1193 4387 1303 4470; x_wconf 84' lang='lat' dir='ltr'><strong>Pyrrhi</strong></span> <span class='ocrx_word' id='word_1_320' title='bbox 1319 4392 1399 4469; x_wconf 87' lang='lat' dir='ltr'><strong>regis</strong></span> <span class='ocrx_word' id='word_1_321' title='bbox 1415 4392 1560 4470; x_wconf 87' lang='lat' dir='ltr'><strong>scripturn</strong></span> 
     </span>
     <span class='ocr_line' id='line_1_36' title="bbox 219 4491 1559 4572; baseline -0.001 -19"><span class='ocrx_word' id='word_1_322' title='bbox 219 4509 289 4553; x_wconf 83' lang='lat' dir='ltr'><strong>ease</strong></span> <span class='ocrx_word' id='word_1_323' title='bbox 302 4493 457 4556; x_wconf 78' lang='lat' dir='ltr'><strong>existimet</strong></span> <span class='ocrx_word' id='word_1_324' title='bbox 477 4493 562 4565; x_wconf 76' lang='lat' dir='ltr'><strong>(Uet.</strong></span> <span class='ocrx_word' id='word_1_325' title='bbox 576 4493 659 4553; x_wconf 82' lang='lat' dir='ltr'><strong>Diol.</strong></span> <span class='ocrx_word' id='word_1_326' title='bbox 676 4514 709 4572; x_wconf 84' lang='lat' dir='ltr'><strong>p.</strong></span> <span class='ocrx_word' id='word_1_327' title='bbox 723 4493 788 4568; x_wconf 79' lang='lat'><strong>196,</strong></span> <span class='ocrx_word' id='word_1_328' title='bbox 806 4495 887 4556; x_wconf 68' lang='grc'><em>(3.2.</em></span> <span class='ocrx_word' id='word_1_329' title='bbox 900 4497 927 4572; x_wconf 87' lang='lat' dir='ltr'><strong>s.</strong></span> <span class='ocrx_word' id='word_1_330' title='bbox 944 4495 1034 4572; x_wconf 76' lang='lat' dir='ltr'><strong>oerpl.</strong></span> <span class='ocrx_word' id='word_1_331' title='bbox 1051 4491 1121 4572; x_wconf 80' lang='lat' dir='ltr'><strong>Spr.</strong></span> <span class='ocrx_word' id='word_1_332' title='bbox 1134 4493 1259 4567; x_wconf 82' lang='lat' dir='ltr'><em>XVIII,</em></span> <span class='ocrx_word' id='word_1_333' title='bbox 1277 4514 1310 4571; x_wconf 85' lang='lat' dir='ltr'><strong>p.</strong></span> <span class='ocrx_word' id='word_1_334' title='bbox 1326 4493 1385 4552; x_wconf 79' lang='grc'><strong>257</strong></span> <span class='ocrx_word' id='word_1_335' title='bbox 1399 4493 1469 4571; x_wconf 73' lang='lat' dir='ltr'><strong>sp),</strong></span> <span class='ocrx_word' id='word_1_336' title='bbox 1491 4512 1559 4554; x_wconf 88' lang='lat' dir='ltr'><strong>meo</strong></span> 
     </span>
     <span class='ocr_line' id='line_1_37' title="bbox 220 4587 1558 4676; baseline -0.001 -20"><span class='ocrx_word' id='word_1_337' title='bbox 220 4595 284 4658; x_wconf 88' lang='lat' dir='ltr'><strong>inre</strong></span> <span class='ocrx_word' id='word_1_338' title='bbox 306 4605 438 4656; x_wconf 86' lang='lat' dir='ltr'><strong>statuere</strong></span> <span class='ocrx_word' id='word_1_339' title='bbox 460 4594 663 4670; x_wconf 77' lang='lat' dir='ltr'><strong>mildridam,</strong></span> <span class='ocrx_word' id='word_1_340' title='bbox 686 4597 789 4656; x_wconf 84' lang='lat' dir='ltr'><strong>eadem</strong></span> <span class='ocrx_word' id='word_1_341' title='bbox 811 4607 910 4656; x_wconf 83' lang='lat' dir='ltr'><strong>aetate</strong></span> <span class='ocrx_word' id='word_1_342' title='bbox 931 4598 1022 4657; x_wconf 88' lang='lat' dir='ltr'><strong>etiam</strong></span> <span class='ocrx_word' id='word_1_343' title='bbox 1045 4597 1163 4658; x_wconf 89' lang='lat' dir='ltr'><strong>titulum</strong></span> <span class='ocrx_word' id='word_1_344' title='bbox 1184 4587 1386 4676; x_wconf 85' lang='lat' dir='ltr'><strong>sepulcralem</strong></span> <span class='ocrx_word' id='word_1_345' title='bbox 1400 4595 1558 4656; x_wconf 87' lang='lat' dir='ltr'><strong>Lucanum</strong></span> 
     </span>
     <span class='ocr_line' id='line_1_38' title="bbox 219 4697 866 4779; baseline 0.002 -23"><span class='ocrx_word' id='word_1_346' title='bbox 219 4697 338 4774; x_wconf 88' lang='lat' dir='ltr'><strong>dequo</strong></span> <span class='ocrx_word' id='word_1_347' title='bbox 360 4697 409 4779; x_wconf 89' lang='lat' dir='ltr'><strong>egi</strong></span> <span class='ocrx_word' id='word_1_348' title='bbox 429 4697 462 4758; x_wconf 92' lang='lat' dir='ltr'><strong>in</strong></span> <span class='ocrx_word' id='word_1_349' title='bbox 484 4698 616 4776; x_wconf 88' lang='lat' dir='ltr'><strong>lapidem</strong></span> <span class='ocrx_word' id='word_1_350' title='bbox 638 4699 764 4758; x_wconf 89' lang='lat' dir='ltr'><strong>incisum</strong></span> <span class='ocrx_word' id='word_1_351' title='bbox 787 4716 866 4759; x_wconf 87' lang='lat' dir='ltr'><strong>esse.</strong></span> 
     </span>
    </p>
   </div>
   <div class='ocr_carea' id='block_1_6' title="bbox 0 0 1928 5850">
    <p class='ocr_par' dir='ltr' id='par_1_9' title="bbox 0 0 1928 5850">
     <span class='ocr_line' id='line_1_39' title="bbox 0 0 1928 5850; baseline 0 5"><span class='ocrx_word' id='word_1_352' title='bbox 0 0 1928 5850; x_wconf 95' lang='lat' dir='ltr'><strong> </strong></span> 
     </span>
    </p>
   </div>
   <div class='ocr_carea' id='block_1_7' title="bbox 1920 5169 1926 5822">
    <p class='ocr_par' dir='ltr' id='par_1_10' title="bbox 1920 5169 1926 5822">
     <span class='ocr_line' id='line_1_40' title="bbox 1920 5169 1926 5822; baseline 0 0"><span class='ocrx_word' id='word_1_353' title='bbox 1920 5169 1926 5822; x_wconf 95' lang='lat' dir='ltr'><strong> </strong></span> 
     </span>
    </p>
   </div>
  </div>
 </body>
</html>
