3848 5850
383 573 431 644 98
998 594 1105 650 uossr

464 766 501 826 V.
519 767 651 826 11-13,
695 765 840 838 Latinas,
870 775 941 844 post
960 767 1089 847 primaru
1113 785 1216 828 aarum
1238 769 1469 828 celebrationem
1491 767 1556 828 llll
1578 768 1720 830 eid.lau.

381 868 489 926 iterum
505 869 553 928 111
568 887 637 928 nou.
654 867 756 942 Febr,
779 870 868 929 tertio
891 868 954 928 kal.
970 869 1042 928 Mai.
1062 869 1133 945 (sie,
1155 888 1215 930 non
1237 885 1321 942 stete,
1343 872 1372 928 in
1395 871 1443 931 his
1466 868 1553 933 lastis
1575 883 1721 948 perpetuo

381 970 546 1048 scriptum)
572 970 630 1030 huc
656 989 736 1030 anuo
763 970 951 1032 instauratas
973 970 1121 1042 versibus·
1136 969 1185 1044 tt,
1209 973 1247 1031 13
1274 972 1423 1052 sagaciter
1449 971 1598 1049 suppletis
1619 971 1723 1032 docuit

380 1071 551 1132 Henaenus.
596 1069 688 1146 Quod
710 1091 780 1130 vero
802 1067 905 1133 meuse
926 1071 1067 1135 Ianuario
1089 1073 1236 1152 singulari
1259 1073 1400 1152 exemplo
1421 1073 1534 1136 latinae
1561 1073 1619 1134 boc
1640 1093 1720 1140 auno

381 1175 442 1234 sint
464 1173 646 1245 celebratae,
675 1174 706 1233 id
729 1189 960 1234 crumenarum
982 1173 1212 1252 magistratuum
1239 1175 1362 1234 historia
1390 1175 1512 1252 plenem
1539 1175 1649 1254 accipit
1674 1177 1720 1234 lu·

381 1295 456 1335 cern.
488 1273 692 1335 Decemvirali
714 1275 793 1338 euim
816 1275 943 1352 imperio
966 1275 1123 1352 abrogato,
1144 1275 1294 1334 consulari
1317 1277 1468 1348 restituto,
1489 1277 1561 1336 novi
1579 1279 1720 1338 consoles

379 1376 542 1438 Decembri
564 1394 667 1438 mense
683 1389 772 1436 extra
792 1377 927 1438 ordinem
944 1387 1017 1437 suut
1029 1377 1122 1438 creati
1146 1376 1339 1454 (Mommsen,
1361 1378 1482 1437 Hermas
1502 1377 1522 1437 Ι.
1538 1399 1564 1438 c.
1582 1399 1611 1456 p.
1628 1379 1718 1456 3tll):

381 1477 492 1556 iisque,
519 1479 578 1538 nisi
606 1479 709 1539 latinia
735 1480 882 1556 peractis,
910 1480 941 1538 in
963 1479 1137 1556 inputantes
1162 1479 1267 1540 hostes
1296 1479 1446 1558 proticisci
1475 1480 1597 1539 minime
1624 1481 1717 1541 licuit.

380 1572 445 1640 (lor
470 1579 580 1641 iterum
606 1589 637 1642 et
665 1582 762 1644 tertio.
777 1583 964 1640 instauratae
992 1580 1084 1640 leriae
1110 1582 1186 1650 sint,
1214 1587 1313 1658 utrum
1340 1579 1421 1658 quod
1451 1581 1562 1658 primae
1588 1583 1720 1659 itemque

380 1681 494 1744 alterae
520 1683 647 1742 uitiosae
676 1681 805 1742 luissent
836 1701 875 1742 au
902 1683 942 1743 ob
971 1697 1136 1759 prosperos
1163 1697 1323 1744 successus
1355 1683 1493 1758 publicae
1525 1685 1719 1762 supplicatio·

380 1783 428 1844 nis
450 1781 556 1862 gratia,
579 1803 617 1844 ue
631 1783 698 1863 ipse
712 1783 832 1861 quidem
849 1784 1056 1844 Mommsenus
1077 1783 1177 1864 potuit
1190 1781 1314 1844 delinire
1335 1781 1372 1860 (l.
1387 1801 1413 1844 c.
1435 1805 1466 1863 p.
1478 1784 1566 1862 384).
1598 1785 1720 1846 Trium-

380 1885 509 1962 phorum
530 1893 609 1946 certe
631 1903 725 1946 cauas
745 1884 893 1946 deseras
911 1885 983 1946 illae
1009 1903 1068 1946 uon
1090 1891 1176 1958 sunt3
1202 1883 1303 1946 idibus
1324 1885 1403 1946 enirn
1426 1882 1592 1946 Sextilibus
1613 1887 1719 1948 esvn

379 1987 439 2047 kal
455 1983 539 2064 Sept
561 1985 651 2048 buius
673 1988 743 2048 anui
769 1987 936 2066 triumphos
962 1985 1117 2064 capitolini
1145 1985 1262 2066 lapides
1288 1987 1459 2066 adsignant.
1502 1987 1661 2050 Odericius
1688 2005 1721 2050 et

380 2087 526 2150 Marinius
548 2088 737 2160 dubitarunt,
763 2107 833 2148 num
855 2089 903 2148 bis
925 2088 1013 2149 lastis
1034 2087 1127 2148 leriae
1150 2097 1264 2150 tantum
1286 2089 1558 2164 extraordinariae,
1583 2111 1718 2168 praeser-

381 2191 432 2250 tim
455 2189 663 2268 triumphales,
685 2209 745 2250 nou
761 2209 833 2250 vere
852 2190 997 2261 annales,·
1011 2189 1123 2250 luerint
1144 2191 1315 2266 inscriptae.
1350 2191 1447 2252 Novis
1471 2211 1548 2252 nuuc
1571 2195 1718 2274 fragmen·

381 2291 420 2350 tis
441 2293 569 2370 repertis
592 2311 652 2350 non
677 2291 765 2350 modo
787 2309 825 2352 ea
844 2291 991 2352 dubitatio
1012 2299 1060 2352 est
1081 2299 1142 2352 tots
1166 2292 1297 2366 sublata,
1323 2292 1378 2355 aed
1400 2304 1555 2372 praeterea
1574 2295 1718 2356 discimus

381 2392 550 2457 ordinarias
578 2395 691 2472 pariter
718 2403 749 2456 et
769 2393 1026 2454 extraordinarias
1052 2393 1144 2454 iarius
1170 2393 1200 2452 in
1222 2395 1278 2454 bas
1301 2394 1421 2454 tabulas
1445 2396 1553 2457 relatas
1575 2413 1643 2457 esse
1664 2399 1719 2474 (ol.

379 2495 549 2558 Mommsen
577 2497 597 2556 l.
621 2515 646 2556 c.
669 2516 699 2573 p.
716 2491 796 2570 333)
823 2513 986 2571 earumque
1012 2495 1187 2556 memoriam
1217 2514 1237 2554 a
1262 2495 1452 2556 decemvirali
1487 2497 1593 2558 saltem
1619 2509 1718 2558 aetate

379 2596 411 2657 in
433 2598 605 2677 pontificum
628 2597 713 2658 libris
735 2595 895 2676 diligenter
913 2612 984 2660 essa
1004 2605 1166 2657 sarratam.

464 2699 611 2760 Columna
635 2699 668 2758 11
697 2717 724 2756 v.
748 2698 846 2758 4-7.
889 2697 1024 2758 Alienus
1051 2697 1208 2757 colomnae
1235 2699 1289 2758 vix
1315 2711 1478 2778 supersunt
1509 2701 1628 2762 litterae
1654 2715 1718 2761 τιι-

380 2817 433 2863 av.
446 2843 476 2862 ..
498 2801 539 2860 ita
564 2811 609 2862 ter
632 2801 785 2879 repetitae,
808 2807 842 2860 ut
863 2807 925 2858 tres
945 2789 1104 2859 continuos
1127 2817 1225 2860 annos
1246 2811 1482 2880 repraesentent.
1515 2801 1565 2862 Ad
1587 2803 1640 2862 ills
1662 2801 1718 2884 igi·

379 2916 430 2962 tur
455 2911 589 2980 tempore
614 2903 690 2962 haec
710 2903 854 2962 fastorum
878 2917 951 2977 para
977 2901 1121 2980 pertinet,
1147 2901 1258 2978 quibus
1281 2901 1391 2962 tribuni
1416 2903 1543 2964 rnilitum
1565 2903 1718 2965 consulari

379 3009 529 3082 potestate
554 3003 646 3078 terni,
678 3002 833 3084 quaterni,
865 3003 946 3075 aeni,
978 3003 1079 3063 uotoni
1105 3001 1198 3080 leuga
1223 3021 1371 3064 annorum
1398 3007 1477 3066 serie
1504 3007 1719 3084 rempublicam

381 3125 499 3168 rexere:
521 3125 648 3184 quorum
670 3105 803 3176 uomina,
824 3102 1074 3184 quemadmodum
1095 3113 1127 3164 et
1146 3105 1357 3178 decemvirum,
1380 3107 1565 3184 prolixitatis
1580 3107 1721 3169 rimndue

378 3209 475 3290 gratia
503 3209 560 3268 bae
583 3208 701 3270 tabulae
729 3215 929 3285 praetereunt.
974 3203 1126 3267 Continuo
1148 3207 1277 3268 triennio
1299 3209 1410 3268 tribuni
1438 3209 1565 3270 militurn
1591 3207 1721 3288 primum

378 3311 471 3372 creati
487 3310 581 3398 'anuis
603 3307 793 3386 tto-³223
822 3307 930 3368 deinde
955 3309 995 3367 ab
1017 3327 1097 3370 auno
1119 3307 1180 3368 333
1202 3311 1239 3370 ad
1264 3308 1325 3371 387
1347 3329 1417 3370 raro
1441 3309 1566 3372 reditum
1591 3311 1630 3371 sd
1651 3330 1722 3372 con·

378 3410 460 3474 aulas
487 3423 550 3474 estc
586 3413 677 3482 Prior
703 3412 793 3492 igitur
819 3411 926 3470 hurum
953 3409 1101 3471 iustorum
1126 3409 1267 3472 columna
1293 3411 1332 3470 ab
1359 3429 1439 3473 annu
1461 3411 1522 3474 303
1551 3412 1587 3474 sd
1610 3429 1721 3474 annum

376 3514 527 3594 prooessit
553 3533 614 3576 noa
642 3515 722 3574 inira
744 3511 821 3586 319,
850 3530 910 3572 uon
939 3511 1017 3572 ultra
1044 3511 1116 3572 384.
1159 3513 1236 3572 Eam
1265 3523 1363 3574 tamen
1394 3513 1537 3575 mediocri
1564 3513 1720 3574 altitudine

377 3618 473 3678 luisse
496 3617 662 3678 litterarum
679 3614 817 3676 modulus
841 3615 872 3674 in
893 3615 962 3690 ipaa
982 3631 1104 3692 quoque
1120 3631 1237 3676 summa
1260 3613 1499 3694 praescriptione
1519 3617 1650 3695 exiguus
1671 3615 1720 3676 de·

379 3718 579 3798 monstrat1).
1460 3789 1465 3798 Ι

464 3821 523 3881 llla
542 3821 653 3883 certius
676 3819 792 3882 deliniri
815 3837 957 3882 mensura
976 3829 1091 3900 potest,
1121 3839 1183 3898 qua
1204 3820 1315 3896 pagina
1336 3817 1393 3878 fuit
1413 3837 1562 3884 annorum
1583 3817 1721 3880 natantis

379 3923 494 3986 saeculi
516 3942 532 3982 a
557 3921 680 3984 Christo
701 3923 799 4000 primi,
821 3921 953 3986 ineuntis
974 3923 1111 3984 secundi.
1143 3923 1180 3982 ln
1202 3921 1291 3981 binas
1312 3921 1394 3996 enim
1414 3921 1571 3982 columnas
1592 3919 1721 3998 partitae

378 4035 465 4086 erant
486 4025 581 4088 seriae
602 4042 748 4084 annorum
773 4023 907 4096 ll-il,
931 4023 1117 4097 tot-1093
1140 4023 1179 4084 ita
1202 4029 1235 4084 ut
1257 4041 1336 4082 annu
1358 4021 1469 4100 prioris
1490 4021 1648 4083 columnae
1670 4019 1723 4094 t1,

379 4127 506 4190 alterius
536 4145 632 4188 annus
661 4125 720 4186 106
749 4125 810 4185 iere
838 4123 1038 4204 responderet
1064 4133 1096 4186 et
1121 4123 1166 4186 alc
1192 4125 1345 4202 deinceps.
1388 4123 1492 4200 Quare
1518 4121 1645 4204 singulis
1672 4138 1722 4182 co·

379 4229 491 4290 lamnis
514 4227 554 4288 35
581 4227 701 4290 circiter
722 4244 819 4286 annes
846 4245 915 4286 esse
941 4227 1176 4304 comprehensos
1202 4225 1359 4286 subductis
1383 4226 1551 4286 rationibus
1571 4223 1607 4284 iit
1629 4225 1721 4283 mani·

381 4333 499 4392 festum.
548 4326 580 4390 Si
614 4329 719 4390 eadem
747 4329 880 4390 omnium
906 4329 1075 4390 tabularum
1110 4344 1249 4388 mensura
1284 4328 1354 4400 luit,
1387 4346 1407 4386 a
1433 4327 1653 4388 decemviratus
1682 4323 1722 4384 ad

379 4433 504 4492 Traiani
527 4441 665 4510 tempora
686 4448 810 4491 necesse
832 4441 880 4490 est
900 4431 957 4492 hos
979 4431 1078 4490 laetos
1098 4429 1204 4510 uiginti
1227 4427 1336 4490 saltem
1358 4427 1514 4489 columnas
1536 4427 1690 4505 implesse.

464 4529 527 4593 Sed
549 4531 746 4611 fragmentum
771 4551 919 4593 annorum
940 4530 1117 4608 att-5⁴2
1139 4529 1289 4610 duplicem
1304 4529 1612 4600 rideturcolumnsm
1634 4528 1722 4588 exbi-

379 4636 449 4698 bere
472 4633 554 4712 (vide
576 4633 644 4712 epit.
661 4635 690 4705 1,
701 4633 766 4708 43).
800 4631 880 4694 Nam
903 4634 1033 4713 singulis
1055 4633 1144 4696 annia
1167 4633 1296 4694 maiores
1317 4633 1436 4692 litterae
1456 4638 1527 4692 sunt
1540 4629 1722 4707 adscriptae,

378 4757 457 4819 quae
478 4737 606 4796 alteram
627 4735 797 4796 columnam
819 4735 952 4798 efficiunt
973 4737 1033 4796 sic:

456 5267 483 5332 ι>
504 5269 619 5324 nauem
636 5283 678 5320 rr.
692 5267 769 5320 1-3
787 5265 856 5317 altae
873 5271 935 5316 aaut
952 5263 1016 5318 mill.
1030 5264 1081 5328 ²13
1099 5277 1142 5314 rr.
1159 5261 1179 5314 1
1197 5267 1226 5314 st
1240 5275 1315 5330 seqq.
1335 5259 1395 5314 lars
1413 5257 1479 5312 mill.
1492 5257 1616 5312 ts-tt.
