3784 5854
366 582 441 654 200
787 601 874 656 vos.
895 603 909 652 1
936 600 1299 663 errrorrssmsevu.
1662 603 1715 654 :er

365 795 548 852 quemquem
577 786 607 836 et
638 776 708 854 ipso
733 775 868 836 insolens
895 789 943 841 est
970 785 1001 836 et
1029 795 1211 853 praenomen
1239 779 1369 834 maximo
1396 788 1487 850 segre
1517 773 1718 842 desideretur,

365 879 440 938 sutis
495 889 595 940 mosen
637 879 743 958 opinor
785 879 965 940 defenditur.
1021 877 1150 956 Reliqua
1199 877 1358 940 commode
1407 875 1575 954 prnoeduut
1628 876 1719 953 poriii

364 978 566 1058 dispositione
606 998 662 1058 per
708 981 767 1042 trie
809 991 890 1044 oerte
930 981 1030 1060 prime
1078 981 1179 1058 oepitu
1219 979 1375 1050 ordinate,
1425 997 1495 1038 nem
1537 979 1575 1040 de
1610 989 1719 1056 questo

363 1079 541 1158 imperfecto
572 1101 632 1144 non
664 1085 740 1144 setis
773 1091 903 1146 constet.
963 1084 998 1143 In
1035 1084 1135 1142 verbis
1166 1082 1362 1144 restituendis
1392 1075 1453 1139 hoo
1480 1081 1643 1142 tenendum
1670 1094 1721 1142 est

363 1183 451 1242 initio
469 1201 607 1246 versuum
631 1207 728 1264 peuce
751 1185 867 1254 deesse,
892 1187 981 1262 piore
1003 1187 1032 1245 in
1055 1184 1124 1256 isne,
1147 1185 1201 1246 sed
1224 1193 1257 1243 ut
1278 1204 1339 1244 non
1360 1201 1430 1244 raro
1454 1182 1512 1260 (itu
1527 1203 1553 1242 r.
1571 1183 1599 1242 o.
1616 1185 1645 1244 9.
1667 1183 1717 1256 14)

366 1293 437 1364 pust
458 1289 636 1350 sententium
658 1290 832 1350 absolutum
860 1307 968 1348 uersus
989 1305 1062 1366 pers
1083 1297 1219 1348 extreme
1245 1305 1341 1347 reone
1363 1286 1548 1348 remansisse
1568 1284 1716 1345 ridentur.

449 1390 477 1448 1.
500 1387 651 1470 Incipiunt
683 1393 807 1469 singula
835 1393 935 1470 nepita
968 1403 1001 1450 ut
1028 1409 1082 1466 pur
1111 1400 1158 1450 est
1190 1391 1228 1448 eb
1250 1390 1348 1466 ipsius
1370 1389 1472 1460 operis
1494 1389 1717 1458 enuntiatione:

363 1493 485 1568 ponitur
506 1505 606 1554 eutem
629 1513 707 1571 opus
730 1513 802 1554 casu
825 1495 939 1574 primo:

518 1613 546 1654 u.
570 1597 603 1656 3:
626 1597 689 1671 [oio
709 1598 766 1674 o]d
785 1597 845 1657 mil.
866 1595 998 1657 XXXV
1012 1607 1124 1673 pontem
1146 1591 1203 1672 iso]
1225 1594 1383 1672 oie[sJo(i)
1407 1637 1413 1654 .
1438 1637 1445 1659 .
1469 1639 1476 1654 .
1499 1639 1506 1652 .

519 1717 545 1755 v.
594 1699 630 1760 7:
652 1699 714 1776 [oio
733 1698 849 1776 plebeo
865 1701 1019 1760 sermondo
1034 1703 1071 1775 as
1085 1698 1146 1758 ute
1170 1695 1287 1774 [XXX
1291 1696 1338 1758 VI
1342 1745 1344 1752 ,
1355 1707 1381 1756 et
1401 1717 1454 1775 pn·
1469 1693 1716 1776 upJpqrpnsnum

653 1803 844 1880 mounimidn
866 1805 909 1862 nd
928 1803 988 1862 osii.
1014 1799 1256 1878 LXXXXVII]
1279 1844 1287 1860 .
1312 1845 1320 1861 .
1342 1842 1350 1857 .
1375 1844 1382 1858 .
1407 1797 1477 1860 XX

517 1921 546 1964 v.
574 1903 624 1963 12.-
648 1904 708 1981 [eio
730 1903 780 1982 os]
802 1905 861 1966 mii.
884 1903 1170 1983 LXXIXXJVIII
1188 1905 1229 1964 ud
1249 1903 1308 1963 urit.
1334 1899 1424 1963 CXX
1443 1948 1450 1960 .
1467 1945 1475 1962 .
1493 1949 1500 1962 .
1519 1903 1598 1981 [item
1619 1903 1714 1964 olim

656 2007 719 2086 o]io
742 2009 949 2068 interemtum
970 2007 1099 2084 oo[rros]
1123 2047 1383 2068 .........
1410 2005 1478 2066 XX

524 2127 554 2168 r.
578 2109 633 2170 ¹18:
657 2151 792 2172 .....
816 2129 904 2171 orno
926 2109 1077 2188 deiopeur
1100 2151 1265 2169 ......

447 2209 477 2270 2.
501 2205 647 2288 Sequitur
670 2211 799 2272 formoie
820 2213 929 2274 iisdem
953 2213 1053 2273 verbio
1075 2212 1181 2272 eodem
1202 2211 1270 2270 loeo
1293 2221 1340 2272 ter
1358 2212 1502 2289 repetite:

520 2333 548 2374 v.
572 2317 601 2374 4.
626 2314 654 2374 9.
683 2316 736 2376 14:
758 2318 882 2393 pannio
901 2317 1054 2374 admorsa
1075 2323 1125 2376 sut.

363 2409 487 2478 Seilieet
513 2437 552 2476 er
578 2417 721 2494 peonnie,
757 2435 848 2496 qoem
876 2427 1000 2478 seostus
1027 2419 1053 2476 ei
1089 2417 1126 2478 de
1147 2435 1207 2497 quo
1229 2418 1330 2496 egitur
1358 2419 1480 2478 censori
1502 2419 1584 2498 opud
1606 2437 1714 2496 qenes·

362 2529 443 2578 tores
481 2519 614 2580 urbanos
655 2521 857 2590 attribuisset,
897 2539 1006 2583 oensor
1039 2529 1151 2579 certem
1183 2537 1334 2580 summum
1369 2531 1561 2598 quaestorem
1594 2521 1715 2582 solvere

364 2619 455 2680 iussit
477 2621 505 2680 ei
528 2639 655 2700 quonum
679 2623 783 2700 popuii
806 2623 927 2684 nomine
948 2621 1161 2684 contraxisset.

447 2724 475 2782 3.
499 2722 619 2785 Deinde
642 2727 765 2802 ponitur
787 2743 906 2786 summu
927 2727 1071 2802 pecuniae
1091 2725 1276 2803 redemptori
1296 2725 1484 2786 adtributae:

522 2845 551 2886 v.
596 2831 630 2886 4:
649 2829 761 2906 populo
783 2830 924 2904 consitor)
946 2823 1017 2904 [HS
1043 2870 1178 2892 .....
1181 2825 1194 2903 ]

520 2950 548 2988 ν.
573 2931 627 2990 1οε
651 2929 774 3010 [populo
795 2931 948 3008 sinister)
973 2928 1033 2994 Hs
1056 2974 1063 2988 .
1086 2951 1106 2990 o
1129 2975 1136 2990 .
1160 2973 1198 2990 ..

696 3035 864 3095 desertum
903 3051 1043 3093 nummos:
1080 3034 1164 3094 odito
1210 3042 1269 3103 sot,
1305 3051 1365 3094 non
1400 3041 1433 3094 ut
1473 3043 1582 3110 postes
1616 3035 1713 3112 meps

695 3137 840 3210 obtinuit,
877 3141 1033 3198 :niernum
1059 3135 1142 3198 :nitio
1168 3145 1209 3198 tot
1232 3154 1385 3211 nummos,
1417 3138 1545 3216 tegimus
1579 3139 1652 3198 item
1681 3138 1714 3196 in

695 3239 771 3316 legis
793 3240 1027 3316 repetondsrum
1046 3258 1077 3298 v.
1095 3239 1144 3298 td.
1188 3235 1327 3318 vestigio
1346 3251 1485 3304 notorum
1513 3241 1712 3302 nunterslium

694 3361 801 3418 perum
825 3352 906 3402 eerte
932 3361 993 3404 non
1015 3342 1154 3420 expedio.

509 3463 537 3502 r.
566 3442 616 3502 ib:
639 3441 774 3522 {poptho
797 3443 934 3522 ememor)
955 3449 1113 3506 :aaronis
1126 3455 1253 3508 :mutuo
1277 3446 1343 3518 (eut
1362 3451 1541 3524 emungente
1557 3457 1609 3508 eut
1622 3451 1712 3508 outin-

566 3557 653 3626 persto
675 3559 729 3606 eut
748 3547 904 3624 nonpmn)
926 3550 1011 3612 ostiu
1034 3592 1039 3606 .
1064 3592 1072 3608 .
1095 3592 1103 3607 .
1128 3591 1136 3606 .

697 3649 802 3710 Primu
819 3661 886 3710 note
909 3652 1071 3712 numeratis
1095 3651 1159 3712 sine
1182 3649 1432 3725 outremer:
1465 3670 1527 3730 qun
1548 3653 1714 3730 quingente

696 3753 779 3814 milie
801 3753 969 3832 significor:
992 3753 1080 3816 docus
1102 3753 1131 3814 iu
1150 3751 1280 3814 Hermes
1304 3753 1361 3815 roi.
1380 3751 1398 3814 3
1416 3775 1443 3832 p.
1460 3753 1520 3817 ibi
1536 3762 1567 3814 et
1582 3753 1617 3814 C.
1633 3754 1659 3818 1.
1673 3753 1711 3815 L.

698 3856 757 3915 vol.
781 3853 808 3916 V
829 3855 870 3918 ed
891 3875 921 3915 n.
945 3855 1037 3916 3402.

361 3955 510 4020 Similiter
531 3959 688 4034 impensae
710 3961 741 4018 in
764 3957 860 4019 titulis
884 3959 1014 4036 publicis
1043 3963 1176 4038 optimus
1198 3963 1305 4020 oeteis
1329 3977 1387 4019 non
1411 3979 1480 4022 ruro
1508 3959 1713 4034 enuntientur,

361 4070 395 4122 ut
414 4063 447 4124 in
462 4059 650 4138 Pompeiusue
672 4062 749 4121 labri
769 4079 797 4120 a.
813 4081 842 4138 p.
865 4059 936 4122 Gur.
955 4059 1005 4124 ³74
1027 4063 1065 4134 (l.
1091 4063 1129 4124 N.
1153 4063 1234 4124 2217
1260 4087 1298 4114 =-···
1315 4063 1411 4124 Orell.
1429 4059 1527 4138 3373)
1549 4071 1580 4132 et
1601 4065 1631 4123 in
1652 4062 1712 4124 Be-

361 4172 532 4226 nsventono
549 4165 650 4241 pontis
666 4164 851 4240 (witmnnns
868 4185 895 4224 n.
917 4165 1045 4241 ibitis),
1071 4167 1101 4228 in
1122 4167 1235 4244 quibus
1257 4177 1304 4228 est
1325 4175 1436 4226 mester
1455 4165 1623 4242 (rorterio)
1645 4173 1713 4240 cet,

360 4269 433 4328 item
455 4269 486 4326 in
508 4267 594 4327 tituto
617 4278 647 4326 et
666 4285 776 4346 genere
798 4279 829 4326 et
847 4275 944 4328 estete
964 4267 1003 4328 ed
1024 4270 1103 4330 huno
1119 4271 1257 4346 proxime
1280 4277 1437 4329 secedente
1460 4268 1559 4344 posito
1582 4271 1613 4330 in
1636 4270 1712 4330 urbe

363 4390 391 4429 e.
413 4389 444 4430 o.
469 4389 492 4430 o.
518 4370 577 4430 633
601 4371 677 4436 (vol.
703 4373 716 4430 l
742 4389 771 4430 n.
795 4369 882 4449 533),
905 4370 959 4450 qui,
979 4371 1056 4431 finit:
1081 4391 1154 4448 opus
1175 4381 1286 4431 coortos
1306 4373 1456 4445 mummio)
1485 4385 1540 4432 out

446 4473 476 4532 4.
509 4469 664 4534 Summum
705 4474 818 4552 exeipit
857 4474 1006 4552 moneipis
1048 4481 1096 4534 eni
1136 4473 1281 4534 attribuo:
1325 4482 1372 4534 est
1412 4491 1520 4536 nornen
1564 4476 1710 4552 seriptum

363 4574 451 4636 tertio
474 4595 561 4638 ceso:

518 4699 547 4742 u.
591 4679 625 4738 5:
663 4678 855 4740 ....Μ.
878 4681 897 4738 i.
920 4678 1075 4756 Pamphilo
1096 4682 1242 4758 erumpi.

520 4799 547 4842 r.
573 4779 625 4840 10:
654 4780 691 4842 lu
715 4783 823 4858 Rufiiio
845 4781 883 4842 L.
907 4783 926 4842 ἱ.
951 4783 976 4842 1.
1001 4827 1006 4842 .
1032 4831 1038 4844 .
1062 4784 1231 4862 [moerepq.

520 4905 547 4943 v.
574 4885 626 4944 15:
664 4925 1050 4946 .............
1074 4887 1243 4966 [meeeupr]·

517 5005 545 5045 v.
573 4989 627 5047 19:
667 5029 1055 5049 .............
1078 5007 1223 5068 monoups.

361 5089 433 5149 Duo
461 5089 492 5160 ii,
520 5109 649 5168 quorum
679 5091 801 5150 nornine
830 5103 1002 5168 supersunt,
1029 5091 1158 5154 libertini
1189 5093 1307 5170 generis
1338 5099 1417 5152 sunt
1463 5090 1544 5152 Addi
1570 5101 1714 5172 poterunt

362 5193 451 5252 bomo
473 5191 691 5256 Praenestinus
714 5192 754 5252 D.
778 5193 932 5254 Poblioius
954 5193 1114 5268 Comicus,
1137 5195 1190 5274 qni
1210 5194 1366 5256 Portunus
1388 5193 1584 5271 primigeniae
1608 5205 1710 5256 votum

360 5295 463 5372 posuit
483 5311 619 5374 moneepr
645 5297 727 5355 aedis
753 5313 810 5373 per
836 5313 929 5356 annor
957 5296 1044 5358 XIII
1065 5297 1252 5373 (wilmenns
1275 5318 1303 5359 n.
1330 5295 1435 5374 1802),
1464 5297 1536 5361 item
1560 5295 1591 5359 0.
1616 5299 1711 5359 lulius
