3848 5850
620 584 826 676 'concon
847 577 1080 647 cannmvsn.
1201 675 1204 680 Ι
1315 644 1317 650 ,
1463 573 1534 646 129

195 788 282 845 nsre,
308 789 378 832 cura
407 761 558 848 fanornm,
584 767 703 831 scilicet
723 767 937 830 saoriicicrurn
968 765 1167 845 pulvinarium
1189 765 1326 828 ludorum
1349 766 1536 840 circensium,

193 873 315 957 Romae
339 873 376 933 ad
403 889 490 950 qnam
520 870 641 950 propris
667 869 819 950 spectarit.
862 869 1093 947 Magistratuurn
1116 887 1151 928 ea
1173 883 1233 928 non
1256 867 1327 941 luit3
1355 885 1426 928 narn
1448 887 1534 928 saera

194 975 216 1036 ii
241 994 298 1038 non
323 974 436 1034 iaciunt
458 973 515 1034 nial
539 983 629 1058 prout
651 990 708 1058 res
721 971 827 1034 incidit
846 979 955 1032 carran
980 971 1019 1031 ob
1042 988 1178 1042 causam,
1200 979 1231 1030 et
1251 989 1288 1030 ne
1309 969 1398 1030 ludos
1416 971 1535 1047 quidem

196 1078 290 1138 edunt
316 1076 372 1137 nisi
397 1075 514 1136 votivos
542 1081 574 1135 et
598 1093 614 1134 s
642 1093 716 1136 cora
743 1073 879 1135 lanorum
905 1071 1028 1134 omnino
1050 1073 1181 1144 aliencsr
1208 1081 1315 1136 contra
1335 1072 1537 1150 antiquissimi

194 1178 308 1257 quique
333 1176 396 1239 ludi
425 1185 455 1236 et
480 1195 519 1240 ax
541 1177 613 1262 ‚ipsa
641 1195 676 1238 re
702 1192 787 1236 asera
816 1175 949 1247 oriundi,
980 1182 1012 1234 ιιι
1038 1171 1205 1235 Consualia
1230 1180 1260 1234 et
1285 1173 1444 1252 Equirria,
1476 1193 1537 1234 non

198 1281 273 1342 liunt
300 1297 316 1340 a
346 1263 522 1358 magistratu
545 1277 619 1339 ullo.
662 1276 796 1340 Omnino
823 1271 929 1356 siqua
958 1295 1043 1338 sacra
1072 1284 1152 1338 etsta
1172 1295 1270 1338 annua
1294 1277 1395 1354 paullo
1417 1276 1537 1355 plenius

196 1381 317 1462 cognita
346 1381 506 1451 lrsbemue,
532 1379 692 1458 collcm'um
721 1377 1022 1456 aliquodsinvenilur
1047 1388 1150 1440 eorum
1177 1397 1278 1440 oursrn
1305 1397 1425 1458 gerere,
1452 1397 1538 1439 secra

198 1483 295 1544 lacere
315 1481 466 1561 ludosque
488 1481 586 1542 edere.
623 1481 668 1541 ltu
694 1478 856 1546 Consualia
880 1481 936 1543 illu
956 1481 1047 1540 edunt
1067 1479 1277 1558 pontifices¹);
1300 1481 1338 1542 its
1363 1481 1437 1542 deae
1460 1479 1538 1542 Dlae

195 1586 410 1646 sacrilrciorum
440 1583 639 1660 ludorumque
665 1602 765 1645 curum
794 1583 863 1661 agit
882 1581 1038 1660 collegium
1065 1581 1190 1643 fratrum
1214 1579 1371 1644 Arvalium
1398 1581 1538 1658 praeside

199 1687 358 1768 magistrc3
390 1687 431 1746 its
465 1704 530 1746 curn
564 1685 654 1744 aedes
681 1681 821 1746 Mercurii
852 1684 930 1744 iacta
958 1691 1020 1756 est,
1051 1693 1175 1762 propter
1202 1702 1282 1744 nora
1309 1703 1397 1744 saera
1425 1702 1538 1744 merca·

175 1795 332 1850 ‘uturum
360 1788 427 1850 aiva
454 1787 675 1860 Mercurialium
704 1785 865 1867 collegium
893 1787 950 1848 sub
978 1785 1132 1864 magistris
1160 1779 1329 1846 institutum
1359 1784 1461 1862 est²);
1494 1786 1535 1846 ita

197 1889 257 1951 ludi
285 1887 450 1968 anitolini
481 1890 556 1950 liunt
582 1889 711 1966 collegio
738 1889 778 1948 sd
804 1889 904 1965 ipsum
930 1887 1095 1950 constituto
1121 1906 1160 1947 ex
1187 1886 1298 1948 ricinia
1324 1889 1538 1966 magistrorum

197 1990 491 2069 caplullnnrunt).
527 1989 614 2051 llaec
635 1991 762 2069 collegia
784 1999 855 2052 sunt
875 1989 933 2068 ipsi
956 1989 1009 2071 illi·
1026 1989 1162 2068 magistri
1180 1989 1319 2050 sanorum
1334 1989 1413 2067 legis
1427 1989 1537 2063 iuliae;

198 2113 266 2157 nam
287 2096 378 2156 etiarn
400 2094 430 2152 in
453 2092 541 2152 titulo
556 2091 711 2170 Campano
733 2113 761 2154 ιι.
776 2112 806 2152 ιι.
821 2111 847 2152 c.
863 2090 924 2152 660
947 2089 1050 2168 (roll
1072 2111 1099 2150 n.
1117 2091 1194 2168 bil)
1216 2099 1264 2152 est
1285 2085 1443 2168 conlegium
1463 2095 1539 2150 snos

195 2199 345 2275 septenes·
364 2195 446 2255 Iouel
465 2197 620 2274 compopsi.
664 2195 779 2256 Verum
802 2201 851 2252 est
872 2194 1000 2254 similem
1024 2193 1243 2256 ordinationem
1263 2211 1369 2270 parum
1392 2211 1539 2272 apparere

195 2299 226 2359 in
254 2297 313 2358 diis
339 2297 512 2374 deabusque
539 2297 580 2356 iis
607 2296 657 2372 qui
685 2295 827 2357 coluntur
848 2313 903 2374 per
929 2296 1081 2368 flemines;
1110 2297 1166 2356 sed
1187 2295 1355 2356 accuratius
1375 2291 1538 2371 inquirenti

196 2400 248 2460 bic
266 2415 389 2476 quoque
410 2416 478 2458 sese
499 2395 597 2458 offert.
634 2395 757 2481 Scilicet
777 2407 812 2456 ut
832 2396 1001 2464 deaeDiee
1022 2416 1110 2458 sacra
1130 2417 1184 2474 per
1203 2395 1362 2475 collegium
1378 2397 1536 2462 Arvalium

196 2503 237 2563 its
265 2501 357 2573 liunt,
383 2509 416 2562 ut
440 2498 602 2576 quotannis
631 2497 774 2576 magister
799 2507 831 2558 et
850 2499 959 2560 lismen
982 2517 1022 2560 ex
1044 2491 1081 2559 eo
1103 2500 1230 2576 collegio
1251 2507 1404 2572 creentur,
1431 2499 1472 2558 ita
1495 2499 1538 2558 dii

198 2599 328 2664 maiores
356 2609 432 2674 tres,
462 2602 592 2662 minores
613 2600 769 2662 duodecin
794 2619 848 2676 per
867 2601 1024 2680 pontifices
1039 2589 1239 2677 'flaminesque
1261 2601 1300 2659 ita
1325 2601 1479 2672 coluntur,
1505 2607 1539 2660 ut

198 2703 333 2784 magistri
355 2703 456 2762 locum
470 2712 624 2780 ,perpetuo
646 2708 747 2762 teneat
766 2702 906 2778 pontifex
926 2703 1078 2762 iunximus
1100 2703 1200 2778 (cuius
1215 2703 1297 2762 vices
1312 2701 1364 2779 qui
1381 2693 1537 2760 faciteam

200 2824 255 2884 pro
279 2803 422 2880 magistro
444 2805 626 2881 appelletur,
653 2803 719 2882 ipse
740 2805 887 2882 magister,
905 2805 946 2866 sit
967 2822 1091 2864 neeesse
1112 2803 1192 2880 est),
1212 2801 1342 2881 singulis
1363 2811 1462 2862 autern
1485 2799 1538 2863 ile·

200 2907 296 2968 mines
315 2906 450 2984 perpetui
475 2901 610 2966 attributi
634 2906 704 2980 sint,
725 2905 853 2982 quorum
876 2891 1005 2966 maiores
1027 2912 1139 2964 centurn
1156 2912 1204 2966 est
1218 2905 1347 2982 collegio
1360 2904 1536 2982 pontilioum

198 3005 426 3088 comprehendi,
455 3007 586 3072 minores
608 3007 773 3083 probabile.
817 3006 879 3070 Sed
900 3005 975 3084 hacc
987 3019 1134 3068 accurate
1154 3015 1186 3065 et
1206 3005 1295 3082 plene
1315 3024 1457 3066 enarrare
1477 3023 1536 3065 nou

198 3109 287 3170 buius
308 3108 367 3168 loci
389 3118 451 3180 ast;
473 3107 587 3168 sufficit
607 3109 713 3184 primis
734 3107 823 3168 lineis
844 3128 908 3168 rem
930 3109 1168 3169 adumbravisse.
1208 3106 1331 3169 Scilicet
1351 3109 1468 3188 origine
1488 3122 1538 3168 res

198 3229 285 3272 sacra
311 3211 364 3270 its-
382 3207 520 3270 ordinata
548 3208 668 3270 videtur
696 3227 778 3282 esse,
806 3217 840 3270 ut
864 3209 926 3286 qui
942 3209 1033 3270 rebus
1060 3218 1237 3287 praeessent
1262 3225 1348 3285 reges
1373 3198 1405 3268 et
1431 3208 1538 3268 deinde

197 3311 340 3372 consoles
368 3310 498 3390 singulis
523 3309 645 3388 templis
671 3311 834 3388 quotannis
860 3319 974 3371 certum
999 3311 1154 3370 hominum
1180 3328 1336 3370 numerum
1363 3329 1402 3371 ex
1429 3309 1536 3373 vicinia

198 3413 260 3477 iere
286 3412 471 3474 delectorum
499 3413 713 3484 attribuerent,
741 3415 794 3489 qui
820 3411 967 3473 sacrificia
996 3411 1146 3488 ludosque
1174 3419 1379 3490 procurarent.
1422 3411 1539 3470 Mature

198 3523 298 3576 summ
325 3513 452 3592 collegia
480 3515 555 3574 baec
579 3514 625 3573 ita
644 3515 836 3593 potissimum
858 3515 1022 3574 constituta
1043 3523 1127 3587 aunt,
1154 3513 1357 3599 abinvicem
1377 3513 1539 3572 creationis

197 3636 253 3704 per
275 3617 469 3695 magistratus
490 3618 653 3694 quotannis
677 3605 949 3694 taeneeooptsrio
970 3615 1154 3688 succederet,
1180 3616 1246 3674 sire
1266 3615 1310 3674 ita
1330 3623 1364 3674 ut
1384 3613 1484 3674 officio
1504 3631 1538 3672 eo

198 3718 294 3778 iuncti
313 3717 536 3797 iungeutcsque
556 3718 719 3796 quotannis
740 3717 915 3795 adlegerent
938 3719 991 3794 qui
1014 3736 1093 3778 enno
1115 3717 1256 3792 proximo
1278 3711 1309 3776 in
1331 3734 1420 3776 suum
1440 3715 1538 3775 locurn

198 3819 346 3893 subirent,
362 3811 402 3880 'ut
423 3819 535 3880 facturn
557 3828 605 3880 est
626 3819 757 3880 domasse
777 3821 810 3878 iu
831 3819 1059 3888 Mercurislibus
1081 3826 1112 3877 et
1131 3817 1329 3896 Capitolinis,
1343 3799 1344 3804 ἵ
1357 3816 1422 3876 sire
1443 3818 1486 3878 ite
1507 3825 1541 3876 ut

198 3921 371 3983 sacerdotes
392 3922 530 4002 perpetui
550 3922 657 3982 fierent
677 3940 714 3992 ea
735 3921 861 3994 ratione,
882 3939 960 3998 qnae
980 3929 1088 3999 postea
1106 3922 1237 3982 obtinuit
1254 3922 1286 3980 iu
1304 3919 1496 3998 pontificibus
1510 3921 1540 3978 el

202 4135 408 4148 m

279 4287 305 4351 ¹)
332 4247 418 4340 Varro
439 4287 464 4350 6,
479 4285 519 4338 20
538 4287 615 4338 ludos
635 4285 808 4339 mosnelibus
828 4279 939 4337 alt'lleri
959 4300 976 4337 a
994 4276 1182 4346 mardochus,
1208 4299 1260 4351 quo
1280 4286 1386 4344 nomine
1404 4283 1541 4352 pontillo'es

200 4381 340 4448 signifleeri
365 4389 391 4430 st
409 4394 442 4430 ex
461 4379 519 4444 ipso
538 4377 657 4429 vocabuli
677 4395 723 4430 usu
743 4379 859 4446 requitur
876 4387 902 4428 at
920 4377 1016 4430 collato
1034 4379 1094 4429 loeo
1112 4377 1268 4430 'l'ertullisni
1287 4377 1418 4444 despect.
1433 4377 1459 4428 b.
1498 4375 1540 4427 Ol.

202 4471 358 4540 llarqusrdt
375 4469 473 4552 enchir.
486 4473 513 4534 4,
529 4471 581 4522 tls
602 4487 627 4521 ιι.
645 4470 725 4523 llll.
746 4469 749 4476 '
1135 4459 1137 4466 ’

259 4661 260 4664 ¹
277 4587 303 4653 ²)
328 4589 388 4642 Lis.
402 4591 428 4651 2,
444 4589 493 4640 ss:
513 4587 567 4638 utri
584 4603 668 4640 eornm
686 4587 842 4652 (consulunt)
862 4585 989 4638 dedicotb
1007 4587 1078 4638 iussu
1091 4583 1184 4655 pupuli
1195 4585 1259 4640 dora
1271 4593 1342 4650 esset,
1362 4571 1416 4636 eum
1478 4581 1541 4635 w-

200 4689 314 4733 cntorusa
332 4679 466 4747 collegium
485 4679 621 4732 instibcse.
649 4681 681 4732 In
701 4671 775 4731 titulo
788 4680 905 4732 Hencsni
925 4695 951 4731 n.
966 4681 1040 4731 6010
1058 4677 1185 4745 reperitur
1202 4695 1268 4746 mog.
1284 4675 1540 4746 colloquamini.

201 4771 243 4826 Cf.
263 4773 343 4824 rol.1
361 4788 388 4837 p.
402 4771 465 4823 606.
909 4795 910 4798 ¹

277 4887 304 4954 ⁸)
330 4889 389 4942 Lis.
410 4887 439 4952 5,
455 4889 504 4940 6οι
531 4887 587 4960 ludi
608 4887 749 4956 Capitolini
763 4887 855 4956 fiarent
874 4887 996 4955 (propter
1015 4887 1173 4954 Capitolium
1191 4903 1208 4938 ιι
1226 4887 1315 4940 Gallia
1332 4886 1478 4949 detersero)
1573 4893 1574 4898 ’

201 4979 382 5049 collegiumque
405 4979 442 5031 nd
465 4995 520 5031 sota
545 4995 596 5031 rem
615 4978 653 5036 Μ.
671 4978 769 5032 Fur-ius
792 4981 904 5032 da'ctotor
926 4981 1086 5032 comenses
1108 4995 1139 5030 ee
1157 4979 1192 5030 iis
1210 4981 1254 5046 qui
1272 4981 1299 5030 s'o
1321 4963 1448 5048 Cnpilolr'c
1467 4985 1547 5045 osque

200 5075 229 5124 is
252 5087 312 5124 ινα
334 5069 488 5124 bobitoeerst.
525 5073 557 5124 In
578 5073 659 5124 titulis
678 5073 795 5124 Herrteni
813 5089 840 5125 ιι.
854 5074 928 5125 6010
947 5079 974 5123 et
991 5073 1072 5124 rol.1
1090 5089 1118 5122 n.
1133 5071 1186 5124 606
1206 5077 1245 5124 est
1266 5087 1334 5138 step.
1352 5069 1442 5138 colloq.
1465 5067 1541 5138 Crepi-

202 5164 304 5216 tolr'nor.
323 5165 382 5232 sive,
395 5179 463 5232 stop.
486 5159 629 5232 Capitol}
659 5165 700 5216 Cl.
720 5165 800 5216 roll
818 5182 844 5232 p.
859 5165 912 5216 tos
931 5169 1049 5232 quaeque
1067 5164 1100 5216 ds
1120 5163 1235 5230 collegiis
1254 5178 1387 5216 sacrorum
1402 5177 1485 5216 causa
1501 5163 1542 5215 lu·

202 5256 298 5310 stltutls
317 5255 454 5323 diligsnmr
472 5255 594 5323 exposuit
611 5256 806 5324 ldarqunrdrius
825 5258 853 5309 in
872 5256 1126 5325 uncblr.4,14'lsq.
