3848 5850
406 586 478 659 132
840 607 1152 659 sonunnununvn
1169 606 1255 660 von.
1276 609 1305 660 11

484 781 514 840 t.
551 779 762 859 Magistrum
783 781 889 859 populi
903 779 1033 841 Romani
1056 798 1149 859 prore
1163 781 1343 861 magistratu
1358 789 1592 842 consentaneum
1608 791 1663 856 est,
1685 785 1742 845 etsi

401 889 524 942 senstor
551 901 611 942 non
638 883 693 954 sit,
720 883 853 960 exempli
880 901 972 944 censa
1000 882 1139 943 tribunus
1166 881 1293 942 militum
1316 903 1335 942 a
1355 885 1469 964 populo
1490 884 1604 956 iectus,
1631 885 1744 962 pariter

400 993 490 1060 etque
518 993 686 1044 senatorem
713 985 743 1044 in
773 969 965 1044 decurionum
992 974 1061 1044 loco
1087 984 1193 1044 sedere
1218 984 1262 1060 (l,
1281 986 1308 1044 1.
1325 983 1368 1064 2).
1411 985 1527 1046 Eodem
1549 985 1648 1048 refero
1674 1007 1741 1048 eum

400 1089 452 1162 qui
471 1089 534 1145 iure
555 1086 680 1146 dicundo
699 1090 814 1162 prcertt
835 1085 885 1163 (7,
906 1083 946 1162 2)
972 1085 1025 1163 qui
1048 1085 1139 1146 simui
1160 1086 1347 1161 nominatum
1375 1087 1493 1148 scilicet
1513 1087 1631 1148 videtur
1656 1088 1742 1150 intei-

400 1187 460 1263 legi
482 1188 599 1264 legatus
621 1187 802 1248 adsessores
823 1187 1028 1265 proconsulis,
1052 1189 1193 1266 quicum
1217 1185 1360 1250 Censoris
1382 1199 1516 1268 ternpore
1537 1191 1664 1252 necdum
1686 1211 1742 1270 pro

401 1288 577 1368 magistratu
601 1296 684 1348 esset
705 1289 789 1366 (nam
810 1297 919 1365 postes
940 1289 1059 1350 demum
1081 1289 1173 1367 legati
1194 1290 1216 1350 ii
1231 1290 1304 1350 iacti
1319 1301 1391 1352 sunt
1404 1309 1459 1368 pro
1473 1293 1637 1373 praetore),
1659 1311 1742 1354 seor·

404 1407 469 1451 sum
492 1389 530 1450 de
552 1392 776 1450 consuendum
797 1391 864 1450 tuit
1619 1405 1621 1414 ⁴

484 1493 512 1552 5.
550 1491 720 1570 Proepieetue
734 1494 855 1568 fabrum
877 1496 938 1553 eius
958 1497 1144 1572 mopirtrotus
1161 1508 1254 1573 prone
1273 1499 1448 1572 mopietrctu
1462 1499 1513 1573 qui
1525 1500 1742 1575 pecuariorum

398 1592 613 1669 Hispaniarum
632 1595 792 1654 ulteriorem
811 1595 944 1656 obtinebit
964 1595 1008 1672 (l,
1029 1596 1063 1672 t)
1084 1596 1156 1657 licet
1175 1597 1308 1674 equestri
1327 1597 1396 1658 loco
1415 1606 1507 1672 'eumq
1530 1599 1624 1664 nihilo
1644 1599 1742 1659 minus
1775 1672 1777 1676 ι

372 1759 374 1762 ,
400 1695 480 1756 inter
502 1695 679 1756 decuriones
702 1697 729 1756 ei
751 1696 906 1774 spectandi
927 1697 977 1756 ius
998 1697 1064 1757 fnit.

257 1793 321 1845 Loci
335 1795 389 1845 dati
483 1796 622 1875 Denique
648 1799 731 1876 qnod
752 1797 782 1858 in
804 1799 886 1858 ludis
907 1799 1054 1859 scoenicis
1075 1800 1200 1861 edendis
1222 1819 1248 1861 o.
1265 1799 1403 1862 CXXVI
1424 1819 1526 1862 eornm
1554 1801 1676 1862 domino
1697 1805 1738 1862 its

259 1865 385 1994 ‘efflei'
399 1898 447 1958 ius
468 1897 558 1959 detur
576 1899 711 1960 locorum
735 1899 913 1974 dandorum,
934 1908 970 1980 ut
990 1902 1018 1960 si
1039 1895 1246 1979 qusm'legem
1270 1901 1448 1963 decuriones
1471 1904 1499 1962 ei
1516 1905 1559 1964 rei
1572 1905 1740 1984 posuerint,

263 2001 425 2065 decurio-01
451 2002 717 2080 obtemperandum
746 2001 800 2076 sit,
827 2003 958 2079 pertinet
982 2001 1012 2061 id
1033 2002 1263 2078 quodammodo
1288 2005 1326 2064 sd
1349 2005 1482 2065 ambitus
1503 2005 1603 2085 leges,
1629 2006 1741 2082 quibus

257 2103 317 2136 ”¹¹¹⁰
337 2088 381 2139 de·
397 2102 435 2161 de
456 2101 538 2162 hisce
560 2103 639 2163 locis
658 2103 766 2176 dandis
788 2103 947 2182 diligenter
968 2103 1177 2180 meconium),
1199 2123 1381 2184 quamquam
1403 2107 1435 2166 id
1456 2108 1557 2184 ipsum
1573 2108 1661 2168 iudos
1676 2109 1740 2186 qui·

286 2167 357 2212 ΜΟ
399 2221 527 2281 cumque
547 2205 653 2266 fierent
674 2191 810 2265 secutum
832 2205 872 2265 ita
895 2203 1081 2268 moderatum
1105 2225 1174 2270 esse
1195 2207 1267 2268 elibi
1289 2227 1351 2270 non
1373 2209 1510 2270 traditur.

968 2513 1173 2524 t———u———nuu

258 2825 387 2877 Decurio-
480 2816 672 2877 Decurionurn
693 2818 872 2893 vocobulum
897 2819 928 2876 in
957 2820 1024 2896 lege
1050 2829 1228 2896 perpetuum
1255 2829 1303 2880 est
1330 2839 1427 2896 neque
1458 2839 1583 2898 nequem
1611 2823 1741 2894 eddiiur,

298 2914 344 2952 ¹¹⁶⁸
398 2915 480 2993 qnod
502 2913 623 2978 additor
644 2927 789 2996 perpetuo
811 2919 842 2978 in
864 2917 932 3003 lege
946 2921 1026 2980 iulis
1047 2922 1222 2999 municipali
1245 2931 1275 2982 st
1296 2922 1412 2997 possim
1433 2924 1465 2982 in
1481 2923 1598 2984 Fluviis
1614 2925 1740 3002 legibus,

397 3022 649 3097 concrepuere-
670 3019 804 3081 Decurio
826 3022 963 3082 coloniae
983 3025 1105 3100 quinam
1129 3025 1194 3083 lieri
1215 3033 1322 3102 posset
1342 3025 1391 3082 vel
1412 3042 1473 3084 non
1494 3033 1601 3103 posset
1621 3025 1652 3086 in
1674 3027 1741 3104 lege

396 3121 596 3200 perscriptum
623 3121 716 3182 fuisse
743 3122 816 3182 inde
839 3123 1038 3202 intellegitur,
1064 3126 1146 3201 quod
1172 3144 1197 3186 c.
1221 3124 1263 3186 cl
1290 3127 1485 3204 magistratus
1514 3127 1580 3186 eius
1602 3129 1741 3204 petitoris

395 3223 525 3284 comitiis
546 3207 694 3284 rationem
713 3225 825 3284 hebere
846 3235 975 3298 vetatur,
1000 3233 1088 3302 quein
1111 3227 1151 3285 ob
1173 3245 1263 3304 qnam
1286 3245 1409 3288 onumen
1432 3229 1622 3288 decurionem
1645 3229 1741 3290 nomi·

395 3324 461 3384 nari
483 3343 542 3383 non
564 3324 664 3396 liceat,
685 3326 757 3388 item
780 3345 806 3386 c.
823 3324 877 3386 CV
900 3327 952 3404 qui
972 3337 1095 3404 propter
1110 3329 1318 3406 indignitatem
1333 3330 1439 3390 ordine
1453 3338 1555 3390 motus
1569 3338 1626 3404 est,
1650 3334 1739 3392 etism

394 3427 434 3486 sb
454 3427 620 3486 honoribus
642 3427 780 3505 petendis
802 3437 935 3500 arcetum
961 3438 995 3486 nt
1017 3431 1156 3490 similiter
1176 3431 1208 3490 in
1230 3431 1296 3508 iege
1316 3431 1493 3509 municipali
1515 3429 1658 3492 Gesseris
1680 3435 1740 3492 dic·

394 3527 536 3606 tetorie¹)
558 3530 607 3588 cui
629 3547 666 3589 ea
685 3530 753 3606 lege
777 3530 806 3588 in
828 3529 1041 3590 decurionibus
1063 3548 1131 3591 esse
1153 3552 1214 3591 non
1236 3533 1335 3606 licent,
1357 3533 1545 3607 interdicitur
1566 3535 1605 3596 cb
1624 3535 1739 3596 honore

394 3648 431 3690 eo
456 3629 600 3706 petendo,
619 3649 664 3690 ex
694 3648 754 3707 quo
780 3631 811 3689 in
839 3649 908 3690 enm
934 3632 1070 3693 ordinem
1097 3632 1300 3710 pervenietur.
1344 3635 1474 3712 Propter
1495 3633 1524 3694 id
1548 3637 1649 3714 ipsum
1672 3655 1738 3698 cum

394 3731 425 3790 in
448 3750 517 3790 nere
539 3731 600 3805 1,1
626 3729 804 3791 decuriones
827 3750 958 3812 augures
981 3735 1139 3812 pontifices
1162 3736 1250 3796 nnnis
1265 3735 1294 3792 V
1315 3737 1465 3814 proximis
1486 3746 1648 3814 postquem
1667 3737 1738 3797 iacti

396 3833 457 3891 sint
478 3832 662 3893 domicilium
684 3833 714 3892 in
737 3835 841 3894 urbem
864 3834 1028 3894 transferre
1051 3835 1211 3909 iubentur,¹
1225 3837 1422 3920 magistratus
1442 3856 1502 3898 non
1518 3838 1738 3910 adscribuntur,

310 3989 312 3994 .
395 3935 512 3994 scilicet
531 3935 711 3995 IIuiraliciis
734 3949 764 3995 et
785 3937 932 3996 aediliciis
953 3937 1023 4014 ipso
1044 3938 1109 3998 iure
1131 3939 1210 3998 inter
1231 3939 1408 4000 decuriones
1435 3940 1570 4000 adscitis.
1616 3939 1674 4003 Sed
1703 3959 1736 4001 ea

262 4046 368 4100 Ordinis
392 4053 465 4114 pers
486 4037 578 4113 legis,
600 4056 661 4115 qus
682 4037 889 4098 continebatur
907 4026 1033 4100 'decurio
1055 4042 1108 4116 qui
1129 4039 1194 4099 lieri
1216 4049 1332 4116 posset,
1360 4041 1398 4099 nd
1420 4059 1476 4102 nos
1498 4061 1558 4102 non
1585 4043 1737 4122 pervenit3

259 4120 372 4174 “hmini
393 4137 584 4198 solummodo
616 4157 656 4202 ex
689 4139 841 4212 clausule,
873 4159 952 4217 qnae
984 4140 1022 4200 de
1054 4141 1233 4219 indignitate
1266 4142 1438 4204 decurionis
1466 4151 1628 4222 propterea
1655 4143 1737 4220 qnod

396 4349 602 4360 --m-

470 4505 493 4566 ¹)
523 4505 616 4558 cicero
638 4523 688 4573 pro
705 4508 819 4560 Murena
836 4509 887 4572 ³2,
907 4509 956 4561 ilc
980 4509 1074 4562 timisti
1089 4516 1192 4562 emant
1208 4510 1349 4575 seminem
1366 4527 1404 4564 ne
1422 4507 1544 4579 referente
1563 4515 1735 4580 eetesssnotum,

391 4633 435 4650 ...
460 4598 485 4648 ei
506 4596 697 4665 emimentem
721 4600 797 4667 mtlpo
821 4599 892 4652 toene
916 4599 1025 4654 tributor
1048 4607 1073 4654 el
1096 4603 1155 4654 item
1171 4601 1290 4672 pandite
1308 4604 1333 4655 ei
1349 4603 1426 4671 culpo
1446 4607 1527 4656 ment
1546 4603 1622 4667 doto,
1647 4615 1738 4658 contro

392 4690 468 4759 repen
486 4686 650 4758 Calpurnium
661 4689 762 4756 scotum
780 4690 871 4744 or'deri.
904 4693 937 4745 Id
955 4693 1052 4745 deinde
1070 4703 1176 4750 enarrm
1194 4711 1217 4748 c.
1232 4695 1277 4747 34.
1292 4691 1335 4748 36.
1369 4695 1463 4748 Cicero
1481 4696 1737 4758 inVctin.15,³l=

391 4797 446 4832 mon
463 4797 519 4832 meo
537 4781 579 4834 len
596 4780 709 4834 deludis
727 4787 792 4834 estet
810 4781 909 4838 dienmo
929 4801 978 4852 quo
997 4785 1055 4854 qur'e
1067 4791 1143 4854 petat
1156 4788 1314 4856 petiturum
1332 4787 1368 4838 eit
1384 4785 1546 4853 plndiotoree
1563 4787 1629 4842 dore
1642 4789 1695 4840 aiei
1707 4805 1739 4841 ee·

391 4879 535 4925 nummo
551 4874 708 4942 praefinito
725 4873 774 4926 dis.
1220 4895 1221 4900 ¹

466 4983 492 5048 ¹)
520 4987 754 5040 r.1³5.·1itiarn
778 4989 844 5054 legis
862 4989 1037 5043 Malncitsnse
1061 5009 1088 5043 c.
1101 4991 1181 5044 mm
1205 4991 1384 5059 magistratum
1408 5001 1498 5059 petere
1515 5001 1617 5046 retamr
1641 4995 1687 5064 qni
1710 4995 1739 5046 in

390 5094 475 5131 eorum
498 5096 550 5147 qun
568 5095 649 5140 cauto
667 5081 729 5142 erit,
750 5088 859 5150 propter
878 5097 966 5150 quarm
992 5083 1018 5134 ei
1034 5083 1120 5147 diois>
1140 5083 1289 5148 R(omonus)
1308 5089 1386 5144 esset,
1411 5086 1439 5136 in
1458 5101 1558 5138 mero
1576 5086 1739 5138 decuriam

390 5172 636 5241 eommptonmque
659 5187 713 5225 eum
737 5186 791 5224 etse
815 5189 865 5224 non
883 5173 984 5240 liceret;
1008 5189 1060 5244 qno
1078 5175 1236 5228 remittimur
1253 5175 1287 5228 ad
1306 5177 1389 5244 ipsam
1408 5178 1493 5246 legem
1512 5179 1607 5232 Iulium
1629 5179 1738 5232 munici-

392 5263 487 5332 palem.
525 5265 560 5316 V.
580 5279 675 5318 comm
693 5280 781 5317 mcum
800 5281 826 5331 p.
840 5265 904 5319 417.
